%YAML 1.1
%TAG !u! tag:unity3d.com,2011:
--- !u!29 &1
OcclusionCullingSettings:
  m_ObjectHideFlags: 0
  serializedVersion: 2
  m_OcclusionBakeSettings:
    smallestOccluder: 5
    smallestHole: 0.25
    backfaceThreshold: 100
  m_SceneGUID: 00000000000000000000000000000000
  m_OcclusionCullingData: {fileID: 0}
--- !u!104 &2
RenderSettings:
  m_ObjectHideFlags: 0
  serializedVersion: 9
  m_Fog: 0
  m_FogColor: {r: 0.5, g: 0.5, b: 0.5, a: 1}
  m_FogMode: 3
  m_FogDensity: 0.01
  m_LinearFogStart: 0
  m_LinearFogEnd: 300
  m_AmbientSkyColor: {r: 0.212, g: 0.227, b: 0.259, a: 1}
  m_AmbientEquatorColor: {r: 0.114, g: 0.125, b: 0.133, a: 1}
  m_AmbientGroundColor: {r: 0.047, g: 0.043, b: 0.035, a: 1}
  m_AmbientIntensity: 1
  m_AmbientMode: 3
  m_SubtractiveShadowColor: {r: 0.42, g: 0.478, b: 0.627, a: 1}
  m_SkyboxMaterial: {fileID: 0}
  m_HaloStrength: 0.5
  m_FlareStrength: 1
  m_FlareFadeSpeed: 3
  m_HaloTexture: {fileID: 0}
  m_SpotCookie: {fileID: 10001, guid: 0000000000000000e000000000000000, type: 0}
  m_DefaultReflectionMode: 0
  m_DefaultReflectionResolution: 128
  m_ReflectionBounces: 1
  m_ReflectionIntensity: 1
  m_CustomReflection: {fileID: 0}
  m_Sun: {fileID: 0}
  m_IndirectSpecularColor: {r: 0, g: 0, b: 0, a: 1}
  m_UseRadianceAmbientProbe: 0
--- !u!157 &3
LightmapSettings:
  m_ObjectHideFlags: 0
  serializedVersion: 11
  m_GIWorkflowMode: 1
  m_GISettings:
    serializedVersion: 2
    m_BounceScale: 1
    m_IndirectOutputScale: 1
    m_AlbedoBoost: 1
    m_EnvironmentLightingMode: 0
    m_EnableBakedLightmaps: 0
    m_EnableRealtimeLightmaps: 0
  m_LightmapEditorSettings:
    serializedVersion: 12
    m_Resolution: 2
    m_BakeResolution: 40
    m_AtlasSize: 1024
    m_AO: 0
    m_AOMaxDistance: 1
    m_CompAOExponent: 1
    m_CompAOExponentDirect: 0
    m_ExtractAmbientOcclusion: 0
    m_Padding: 2
    m_LightmapParameters: {fileID: 0}
    m_LightmapsBakeMode: 1
    m_TextureCompression: 1
    m_FinalGather: 0
    m_FinalGatherFiltering: 1
    m_FinalGatherRayCount: 256
    m_ReflectionCompression: 2
    m_MixedBakeMode: 2
    m_BakeBackend: 1
    m_PVRSampling: 1
    m_PVRDirectSampleCount: 32
    m_PVRSampleCount: 512
    m_PVRBounces: 2
    m_PVREnvironmentSampleCount: 256
    m_PVREnvironmentReferencePointCount: 2048
    m_PVRFilteringMode: 1
    m_PVRDenoiserTypeDirect: 1
    m_PVRDenoiserTypeIndirect: 1
    m_PVRDenoiserTypeAO: 1
    m_PVRFilterTypeDirect: 0
    m_PVRFilterTypeIndirect: 0
    m_PVRFilterTypeAO: 0
    m_PVREnvironmentMIS: 1
    m_PVRCulling: 1
    m_PVRFilteringGaussRadiusDirect: 1
    m_PVRFilteringGaussRadiusIndirect: 5
    m_PVRFilteringGaussRadiusAO: 2
    m_PVRFilteringAtrousPositionSigmaDirect: 0.5
    m_PVRFilteringAtrousPositionSigmaIndirect: 2
    m_PVRFilteringAtrousPositionSigmaAO: 1
    m_ExportTrainingData: 0
    m_TrainingDataDestination: TrainingData
    m_LightProbeSampleCountMultiplier: 4
  m_LightingDataAsset: {fileID: 0}
  m_UseShadowmask: 1
--- !u!196 &4
NavMeshSettings:
  serializedVersion: 2
  m_ObjectHideFlags: 0
  m_BuildSettings:
    serializedVersion: 2
    agentTypeID: 0
    agentRadius: 0.5
    agentHeight: 2
    agentSlope: 45
    agentClimb: 0.4
    ledgeDropHeight: 0
    maxJumpAcrossDistance: 0
    minRegionArea: 2
    manualCellSize: 0
    cellSize: 0.16666667
    manualTileSize: 0
    tileSize: 256
    accuratePlacement: 0
    debug:
      m_Flags: 0
  m_NavMeshData: {fileID: 0}
--- !u!4 &10073347 stripped
Transform:
  m_CorrespondingSourceObject: {fileID: 2952548701141238821, guid: 9d726d2ad95b41c2faa6eda34870b7c2,
    type: 3}
  m_PrefabInstance: {fileID: 149801884}
  m_PrefabAsset: {fileID: 0}
--- !u!1 &11439962 stripped
GameObject:
  m_CorrespondingSourceObject: {fileID: 3570484584799334127, guid: a100a73b083f2674d8ec964b9553d006,
    type: 3}
  m_PrefabInstance: {fileID: 1242132240}
  m_PrefabAsset: {fileID: 0}
--- !u!1001 &16385944
PrefabInstance:
  m_ObjectHideFlags: 0
  serializedVersion: 2
  m_Modification:
    m_TransformParent: {fileID: 1553511068}
    m_Modifications:
    - target: {fileID: 2952548701141238819, guid: 9d726d2ad95b41c2faa6eda34870b7c2,
        type: 3}
      propertyPath: m_Name
      value: Platform
      objectReference: {fileID: 0}
    - target: {fileID: 2952548701141238821, guid: 9d726d2ad95b41c2faa6eda34870b7c2,
        type: 3}
      propertyPath: m_LocalPosition.x
      value: -17.151203
      objectReference: {fileID: 0}
    - target: {fileID: 2952548701141238821, guid: 9d726d2ad95b41c2faa6eda34870b7c2,
        type: 3}
      propertyPath: m_LocalPosition.y
      value: -6.693201
      objectReference: {fileID: 0}
    - target: {fileID: 2952548701141238821, guid: 9d726d2ad95b41c2faa6eda34870b7c2,
        type: 3}
      propertyPath: m_LocalPosition.z
      value: 78.20503
      objectReference: {fileID: 0}
    - target: {fileID: 2952548701141238821, guid: 9d726d2ad95b41c2faa6eda34870b7c2,
        type: 3}
      propertyPath: m_LocalRotation.x
      value: -0
      objectReference: {fileID: 0}
    - target: {fileID: 2952548701141238821, guid: 9d726d2ad95b41c2faa6eda34870b7c2,
        type: 3}
      propertyPath: m_LocalRotation.y
      value: -0
      objectReference: {fileID: 0}
    - target: {fileID: 2952548701141238821, guid: 9d726d2ad95b41c2faa6eda34870b7c2,
        type: 3}
      propertyPath: m_LocalRotation.z
      value: -0
      objectReference: {fileID: 0}
    - target: {fileID: 2952548701141238821, guid: 9d726d2ad95b41c2faa6eda34870b7c2,
        type: 3}
      propertyPath: m_LocalRotation.w
      value: 1
      objectReference: {fileID: 0}
    - target: {fileID: 2952548701141238821, guid: 9d726d2ad95b41c2faa6eda34870b7c2,
        type: 3}
      propertyPath: m_RootOrder
      value: 13
      objectReference: {fileID: 0}
    - target: {fileID: 2952548701141238821, guid: 9d726d2ad95b41c2faa6eda34870b7c2,
        type: 3}
      propertyPath: m_LocalEulerAnglesHint.x
      value: 0
      objectReference: {fileID: 0}
    - target: {fileID: 2952548701141238821, guid: 9d726d2ad95b41c2faa6eda34870b7c2,
        type: 3}
      propertyPath: m_LocalEulerAnglesHint.y
      value: 0
      objectReference: {fileID: 0}
    - target: {fileID: 2952548701141238821, guid: 9d726d2ad95b41c2faa6eda34870b7c2,
        type: 3}
      propertyPath: m_LocalEulerAnglesHint.z
      value: 0
      objectReference: {fileID: 0}
    - target: {fileID: 2952548701141238821, guid: 9d726d2ad95b41c2faa6eda34870b7c2,
        type: 3}
      propertyPath: m_LocalScale.x
      value: 11.418
      objectReference: {fileID: 0}
    m_RemovedComponents: []
  m_SourcePrefab: {fileID: 100100000, guid: 9d726d2ad95b41c2faa6eda34870b7c2, type: 3}
--- !u!4 &20453433 stripped
Transform:
  m_CorrespondingSourceObject: {fileID: 2952548701141238821, guid: 9d726d2ad95b41c2faa6eda34870b7c2,
    type: 3}
  m_PrefabInstance: {fileID: 1136011723}
  m_PrefabAsset: {fileID: 0}
--- !u!4 &35066004 stripped
Transform:
  m_CorrespondingSourceObject: {fileID: 2952548701141238821, guid: 9d726d2ad95b41c2faa6eda34870b7c2,
    type: 3}
  m_PrefabInstance: {fileID: 1250388166}
  m_PrefabAsset: {fileID: 0}
--- !u!4 &74732473 stripped
Transform:
  m_CorrespondingSourceObject: {fileID: 2952548701141238821, guid: 9d726d2ad95b41c2faa6eda34870b7c2,
    type: 3}
  m_PrefabInstance: {fileID: 1057785395}
  m_PrefabAsset: {fileID: 0}
--- !u!1001 &149801884
PrefabInstance:
  m_ObjectHideFlags: 0
  serializedVersion: 2
  m_Modification:
    m_TransformParent: {fileID: 1553511068}
    m_Modifications:
    - target: {fileID: 2952548701141238819, guid: 9d726d2ad95b41c2faa6eda34870b7c2,
        type: 3}
      propertyPath: m_Name
      value: Platform (4)
      objectReference: {fileID: 0}
    - target: {fileID: 2952548701141238821, guid: 9d726d2ad95b41c2faa6eda34870b7c2,
        type: 3}
      propertyPath: m_LocalPosition.x
      value: -21.1
      objectReference: {fileID: 0}
    - target: {fileID: 2952548701141238821, guid: 9d726d2ad95b41c2faa6eda34870b7c2,
        type: 3}
      propertyPath: m_LocalPosition.y
      value: -1.45
      objectReference: {fileID: 0}
    - target: {fileID: 2952548701141238821, guid: 9d726d2ad95b41c2faa6eda34870b7c2,
        type: 3}
      propertyPath: m_LocalPosition.z
      value: 78.20503
      objectReference: {fileID: 0}
    - target: {fileID: 2952548701141238821, guid: 9d726d2ad95b41c2faa6eda34870b7c2,
        type: 3}
      propertyPath: m_LocalRotation.x
      value: -0
      objectReference: {fileID: 0}
    - target: {fileID: 2952548701141238821, guid: 9d726d2ad95b41c2faa6eda34870b7c2,
        type: 3}
      propertyPath: m_LocalRotation.y
      value: -0
      objectReference: {fileID: 0}
    - target: {fileID: 2952548701141238821, guid: 9d726d2ad95b41c2faa6eda34870b7c2,
        type: 3}
      propertyPath: m_LocalRotation.z
      value: -0
      objectReference: {fileID: 0}
    - target: {fileID: 2952548701141238821, guid: 9d726d2ad95b41c2faa6eda34870b7c2,
        type: 3}
      propertyPath: m_LocalRotation.w
      value: 1
      objectReference: {fileID: 0}
    - target: {fileID: 2952548701141238821, guid: 9d726d2ad95b41c2faa6eda34870b7c2,
        type: 3}
      propertyPath: m_RootOrder
      value: 9
      objectReference: {fileID: 0}
    - target: {fileID: 2952548701141238821, guid: 9d726d2ad95b41c2faa6eda34870b7c2,
        type: 3}
      propertyPath: m_LocalEulerAnglesHint.x
      value: 0
      objectReference: {fileID: 0}
    - target: {fileID: 2952548701141238821, guid: 9d726d2ad95b41c2faa6eda34870b7c2,
        type: 3}
      propertyPath: m_LocalEulerAnglesHint.y
      value: 0
      objectReference: {fileID: 0}
    - target: {fileID: 2952548701141238821, guid: 9d726d2ad95b41c2faa6eda34870b7c2,
        type: 3}
      propertyPath: m_LocalEulerAnglesHint.z
      value: 0
      objectReference: {fileID: 0}
    - target: {fileID: 2952548701141238821, guid: 9d726d2ad95b41c2faa6eda34870b7c2,
        type: 3}
      propertyPath: m_LocalScale.x
      value: 7.6918354
      objectReference: {fileID: 0}
    m_RemovedComponents: []
  m_SourcePrefab: {fileID: 100100000, guid: 9d726d2ad95b41c2faa6eda34870b7c2, type: 3}
--- !u!1 &247860348
GameObject:
  m_ObjectHideFlags: 0
  m_CorrespondingSourceObject: {fileID: 0}
  m_PrefabInstance: {fileID: 0}
  m_PrefabAsset: {fileID: 0}
  serializedVersion: 6
  m_Component:
  - component: {fileID: 247860350}
  - component: {fileID: 247860349}
  m_Layer: 8
  m_Name: Background
  m_TagString: Untagged
  m_Icon: {fileID: 0}
  m_NavMeshLayer: 0
  m_StaticEditorFlags: 0
  m_IsActive: 1
--- !u!212 &247860349
SpriteRenderer:
  m_ObjectHideFlags: 0
  m_CorrespondingSourceObject: {fileID: 0}
  m_PrefabInstance: {fileID: 0}
  m_PrefabAsset: {fileID: 0}
  m_GameObject: {fileID: 247860348}
  m_Enabled: 1
  m_CastShadows: 0
  m_ReceiveShadows: 0
  m_DynamicOccludee: 1
  m_MotionVectors: 1
  m_LightProbeUsage: 1
  m_ReflectionProbeUsage: 1
  m_RayTracingMode: 0
  m_RenderingLayerMask: 1
  m_RendererPriority: 0
  m_Materials:
  - {fileID: 10754, guid: 0000000000000000f000000000000000, type: 0}
  m_StaticBatchInfo:
    firstSubMesh: 0
    subMeshCount: 0
  m_StaticBatchRoot: {fileID: 0}
  m_ProbeAnchor: {fileID: 0}
  m_LightProbeVolumeOverride: {fileID: 0}
  m_ScaleInLightmap: 1
  m_ReceiveGI: 1
  m_PreserveUVs: 0
  m_IgnoreNormalsForChartDetection: 0
  m_ImportantGI: 0
  m_StitchLightmapSeams: 1
  m_SelectedEditorRenderState: 0
  m_MinimumChartSize: 4
  m_AutoUVMaxDistance: 0.5
  m_AutoUVMaxAngle: 89
  m_LightmapParameters: {fileID: 0}
  m_SortingLayerID: 0
  m_SortingLayer: 0
  m_SortingOrder: -1
  m_Sprite: {fileID: 21300000, guid: bca5a56f191dee24faa6b516feb2e026, type: 3}
  m_Color: {r: 1, g: 1, b: 1, a: 1}
  m_FlipX: 0
  m_FlipY: 0
  m_DrawMode: 1
  m_Size: {x: 6.54, y: 4.57}
  m_AdaptiveModeThreshold: 0.5
  m_SpriteTileMode: 0
  m_WasSpriteAssigned: 1
  m_MaskInteraction: 0
  m_SpriteSortPoint: 0
--- !u!4 &247860350
Transform:
  m_ObjectHideFlags: 0
  m_CorrespondingSourceObject: {fileID: 0}
  m_PrefabInstance: {fileID: 0}
  m_PrefabAsset: {fileID: 0}
  m_GameObject: {fileID: 247860348}
  m_LocalRotation: {x: 0, y: 0, z: 0, w: 1}
  m_LocalPosition: {x: -2.2, y: -1.9860017, z: 0}
  m_LocalScale: {x: 11.95958, y: 10.412752, z: 1}
  m_Children: []
  m_Father: {fileID: 0}
  m_RootOrder: 7
  m_LocalEulerAnglesHint: {x: 0, y: 0, z: 0}
--- !u!1001 &268167480
PrefabInstance:
  m_ObjectHideFlags: 0
  serializedVersion: 2
  m_Modification:
    m_TransformParent: {fileID: 1553511068}
    m_Modifications:
    - target: {fileID: 2952548701141238819, guid: 9d726d2ad95b41c2faa6eda34870b7c2,
        type: 3}
      propertyPath: m_Name
      value: Platform (15)
      objectReference: {fileID: 0}
    - target: {fileID: 2952548701141238821, guid: 9d726d2ad95b41c2faa6eda34870b7c2,
        type: 3}
      propertyPath: m_LocalPosition.x
      value: 24.2
      objectReference: {fileID: 0}
    - target: {fileID: 2952548701141238821, guid: 9d726d2ad95b41c2faa6eda34870b7c2,
        type: 3}
      propertyPath: m_LocalPosition.y
      value: 1.26
      objectReference: {fileID: 0}
    - target: {fileID: 2952548701141238821, guid: 9d726d2ad95b41c2faa6eda34870b7c2,
        type: 3}
      propertyPath: m_LocalPosition.z
      value: 78.20503
      objectReference: {fileID: 0}
    - target: {fileID: 2952548701141238821, guid: 9d726d2ad95b41c2faa6eda34870b7c2,
        type: 3}
      propertyPath: m_LocalRotation.x
      value: 0
      objectReference: {fileID: 0}
    - target: {fileID: 2952548701141238821, guid: 9d726d2ad95b41c2faa6eda34870b7c2,
        type: 3}
      propertyPath: m_LocalRotation.y
      value: 0
      objectReference: {fileID: 0}
    - target: {fileID: 2952548701141238821, guid: 9d726d2ad95b41c2faa6eda34870b7c2,
        type: 3}
      propertyPath: m_LocalRotation.z
      value: 0.7071068
      objectReference: {fileID: 0}
    - target: {fileID: 2952548701141238821, guid: 9d726d2ad95b41c2faa6eda34870b7c2,
        type: 3}
      propertyPath: m_LocalRotation.w
      value: 0.7071068
      objectReference: {fileID: 0}
    - target: {fileID: 2952548701141238821, guid: 9d726d2ad95b41c2faa6eda34870b7c2,
        type: 3}
      propertyPath: m_RootOrder
      value: 15
      objectReference: {fileID: 0}
    - target: {fileID: 2952548701141238821, guid: 9d726d2ad95b41c2faa6eda34870b7c2,
        type: 3}
      propertyPath: m_LocalEulerAnglesHint.x
      value: 0
      objectReference: {fileID: 0}
    - target: {fileID: 2952548701141238821, guid: 9d726d2ad95b41c2faa6eda34870b7c2,
        type: 3}
      propertyPath: m_LocalEulerAnglesHint.y
      value: 0
      objectReference: {fileID: 0}
    - target: {fileID: 2952548701141238821, guid: 9d726d2ad95b41c2faa6eda34870b7c2,
        type: 3}
      propertyPath: m_LocalEulerAnglesHint.z
      value: 90
      objectReference: {fileID: 0}
    - target: {fileID: 2952548701141238821, guid: 9d726d2ad95b41c2faa6eda34870b7c2,
        type: 3}
      propertyPath: m_LocalScale.x
      value: 13.6530075
      objectReference: {fileID: 0}
    - target: {fileID: 2952548701141238821, guid: 9d726d2ad95b41c2faa6eda34870b7c2,
        type: 3}
      propertyPath: m_LocalScale.y
      value: 8.65
      objectReference: {fileID: 0}
    m_RemovedComponents: []
  m_SourcePrefab: {fileID: 100100000, guid: 9d726d2ad95b41c2faa6eda34870b7c2, type: 3}
--- !u!4 &268167481 stripped
Transform:
  m_CorrespondingSourceObject: {fileID: 2952548701141238821, guid: 9d726d2ad95b41c2faa6eda34870b7c2,
    type: 3}
  m_PrefabInstance: {fileID: 268167480}
  m_PrefabAsset: {fileID: 0}
--- !u!1001 &274953728
PrefabInstance:
  m_ObjectHideFlags: 0
  serializedVersion: 2
  m_Modification:
    m_TransformParent: {fileID: 1553511068}
    m_Modifications:
    - target: {fileID: 2952548701141238819, guid: 9d726d2ad95b41c2faa6eda34870b7c2,
        type: 3}
      propertyPath: m_Name
      value: Platform (9)
      objectReference: {fileID: 0}
    - target: {fileID: 2952548701141238821, guid: 9d726d2ad95b41c2faa6eda34870b7c2,
        type: 3}
      propertyPath: m_LocalPosition.x
      value: -2.7512023
      objectReference: {fileID: 0}
    - target: {fileID: 2952548701141238821, guid: 9d726d2ad95b41c2faa6eda34870b7c2,
        type: 3}
      propertyPath: m_LocalPosition.y
      value: -9.893998
      objectReference: {fileID: 0}
    - target: {fileID: 2952548701141238821, guid: 9d726d2ad95b41c2faa6eda34870b7c2,
        type: 3}
      propertyPath: m_LocalPosition.z
      value: 78.20503
      objectReference: {fileID: 0}
    - target: {fileID: 2952548701141238821, guid: 9d726d2ad95b41c2faa6eda34870b7c2,
        type: 3}
      propertyPath: m_LocalRotation.x
      value: -0
      objectReference: {fileID: 0}
    - target: {fileID: 2952548701141238821, guid: 9d726d2ad95b41c2faa6eda34870b7c2,
        type: 3}
      propertyPath: m_LocalRotation.y
      value: -0
      objectReference: {fileID: 0}
    - target: {fileID: 2952548701141238821, guid: 9d726d2ad95b41c2faa6eda34870b7c2,
        type: 3}
      propertyPath: m_LocalRotation.z
      value: -0
      objectReference: {fileID: 0}
    - target: {fileID: 2952548701141238821, guid: 9d726d2ad95b41c2faa6eda34870b7c2,
        type: 3}
      propertyPath: m_LocalRotation.w
      value: 1
      objectReference: {fileID: 0}
    - target: {fileID: 2952548701141238821, guid: 9d726d2ad95b41c2faa6eda34870b7c2,
        type: 3}
      propertyPath: m_RootOrder
      value: 4
      objectReference: {fileID: 0}
    - target: {fileID: 2952548701141238821, guid: 9d726d2ad95b41c2faa6eda34870b7c2,
        type: 3}
      propertyPath: m_LocalEulerAnglesHint.x
      value: 0
      objectReference: {fileID: 0}
    - target: {fileID: 2952548701141238821, guid: 9d726d2ad95b41c2faa6eda34870b7c2,
        type: 3}
      propertyPath: m_LocalEulerAnglesHint.y
      value: 0
      objectReference: {fileID: 0}
    - target: {fileID: 2952548701141238821, guid: 9d726d2ad95b41c2faa6eda34870b7c2,
        type: 3}
      propertyPath: m_LocalEulerAnglesHint.z
      value: 0
      objectReference: {fileID: 0}
    m_RemovedComponents: []
  m_SourcePrefab: {fileID: 100100000, guid: 9d726d2ad95b41c2faa6eda34870b7c2, type: 3}
--- !u!1001 &284855317
PrefabInstance:
  m_ObjectHideFlags: 0
  serializedVersion: 2
  m_Modification:
    m_TransformParent: {fileID: 1553511068}
    m_Modifications:
    - target: {fileID: 2952548701141238819, guid: 9d726d2ad95b41c2faa6eda34870b7c2,
        type: 3}
      propertyPath: m_Name
      value: Platform (8)
      objectReference: {fileID: 0}
    - target: {fileID: 2952548701141238821, guid: 9d726d2ad95b41c2faa6eda34870b7c2,
        type: 3}
      propertyPath: m_LocalPosition.x
      value: 3.45
      objectReference: {fileID: 0}
    - target: {fileID: 2952548701141238821, guid: 9d726d2ad95b41c2faa6eda34870b7c2,
        type: 3}
      propertyPath: m_LocalPosition.y
      value: -5.56
      objectReference: {fileID: 0}
    - target: {fileID: 2952548701141238821, guid: 9d726d2ad95b41c2faa6eda34870b7c2,
        type: 3}
      propertyPath: m_LocalPosition.z
      value: 78.20503
      objectReference: {fileID: 0}
    - target: {fileID: 2952548701141238821, guid: 9d726d2ad95b41c2faa6eda34870b7c2,
        type: 3}
      propertyPath: m_LocalRotation.x
      value: -0
      objectReference: {fileID: 0}
    - target: {fileID: 2952548701141238821, guid: 9d726d2ad95b41c2faa6eda34870b7c2,
        type: 3}
      propertyPath: m_LocalRotation.y
      value: -0
      objectReference: {fileID: 0}
    - target: {fileID: 2952548701141238821, guid: 9d726d2ad95b41c2faa6eda34870b7c2,
        type: 3}
      propertyPath: m_LocalRotation.z
      value: -0.7071068
      objectReference: {fileID: 0}
    - target: {fileID: 2952548701141238821, guid: 9d726d2ad95b41c2faa6eda34870b7c2,
        type: 3}
      propertyPath: m_LocalRotation.w
      value: 0.7071068
      objectReference: {fileID: 0}
    - target: {fileID: 2952548701141238821, guid: 9d726d2ad95b41c2faa6eda34870b7c2,
        type: 3}
      propertyPath: m_RootOrder
      value: 5
      objectReference: {fileID: 0}
    - target: {fileID: 2952548701141238821, guid: 9d726d2ad95b41c2faa6eda34870b7c2,
        type: 3}
      propertyPath: m_LocalEulerAnglesHint.x
      value: 0
      objectReference: {fileID: 0}
    - target: {fileID: 2952548701141238821, guid: 9d726d2ad95b41c2faa6eda34870b7c2,
        type: 3}
      propertyPath: m_LocalEulerAnglesHint.y
      value: 0
      objectReference: {fileID: 0}
    - target: {fileID: 2952548701141238821, guid: 9d726d2ad95b41c2faa6eda34870b7c2,
        type: 3}
      propertyPath: m_LocalEulerAnglesHint.z
      value: -90
      objectReference: {fileID: 0}
    - target: {fileID: 2952548701141238821, guid: 9d726d2ad95b41c2faa6eda34870b7c2,
        type: 3}
      propertyPath: m_LocalScale.x
      value: 1.338023
      objectReference: {fileID: 0}
    - target: {fileID: 2952548701141238821, guid: 9d726d2ad95b41c2faa6eda34870b7c2,
        type: 3}
      propertyPath: m_LocalScale.y
      value: 1.75
      objectReference: {fileID: 0}
    m_RemovedComponents: []
  m_SourcePrefab: {fileID: 100100000, guid: 9d726d2ad95b41c2faa6eda34870b7c2, type: 3}
--- !u!1 &433412300
GameObject:
  m_ObjectHideFlags: 0
  m_CorrespondingSourceObject: {fileID: 0}
  m_PrefabInstance: {fileID: 0}
  m_PrefabAsset: {fileID: 0}
  serializedVersion: 6
  m_Component:
  - component: {fileID: 433412302}
  - component: {fileID: 433412301}
  - component: {fileID: 433412303}
  - component: {fileID: 433412304}
  m_Layer: 0
  m_Name: Picture0
  m_TagString: Untagged
  m_Icon: {fileID: 0}
  m_NavMeshLayer: 0
  m_StaticEditorFlags: 0
  m_IsActive: 1
--- !u!212 &433412301
SpriteRenderer:
  m_ObjectHideFlags: 0
  m_CorrespondingSourceObject: {fileID: 0}
  m_PrefabInstance: {fileID: 0}
  m_PrefabAsset: {fileID: 0}
  m_GameObject: {fileID: 433412300}
  m_Enabled: 1
  m_CastShadows: 0
  m_ReceiveShadows: 0
  m_DynamicOccludee: 1
  m_MotionVectors: 1
  m_LightProbeUsage: 1
  m_ReflectionProbeUsage: 1
  m_RayTracingMode: 0
  m_RenderingLayerMask: 1
  m_RendererPriority: 0
  m_Materials:
  - {fileID: 10754, guid: 0000000000000000f000000000000000, type: 0}
  m_StaticBatchInfo:
    firstSubMesh: 0
    subMeshCount: 0
  m_StaticBatchRoot: {fileID: 0}
  m_ProbeAnchor: {fileID: 0}
  m_LightProbeVolumeOverride: {fileID: 0}
  m_ScaleInLightmap: 1
  m_ReceiveGI: 1
  m_PreserveUVs: 0
  m_IgnoreNormalsForChartDetection: 0
  m_ImportantGI: 0
  m_StitchLightmapSeams: 1
  m_SelectedEditorRenderState: 0
  m_MinimumChartSize: 4
  m_AutoUVMaxDistance: 0.5
  m_AutoUVMaxAngle: 89
  m_LightmapParameters: {fileID: 0}
  m_SortingLayerID: 0
  m_SortingLayer: 0
  m_SortingOrder: 0
  m_Sprite: {fileID: 21300000, guid: c8c8bc811bffb014d913a53e9c944900, type: 3}
  m_Color: {r: 1, g: 1, b: 1, a: 1}
  m_FlipX: 0
  m_FlipY: 0
  m_DrawMode: 0
  m_Size: {x: 8.99, y: 6.22}
  m_AdaptiveModeThreshold: 0.5
  m_SpriteTileMode: 0
  m_WasSpriteAssigned: 1
  m_MaskInteraction: 0
  m_SpriteSortPoint: 0
--- !u!4 &433412302
Transform:
  m_ObjectHideFlags: 0
  m_CorrespondingSourceObject: {fileID: 0}
  m_PrefabInstance: {fileID: 0}
  m_PrefabAsset: {fileID: 0}
  m_GameObject: {fileID: 433412300}
  m_LocalRotation: {x: 0, y: 0, z: 0, w: 1}
  m_LocalPosition: {x: 0, y: 0, z: 0}
  m_LocalScale: {x: 0.85, y: 0.85, z: 0.85}
  m_Children: []
  m_Father: {fileID: 0}
  m_RootOrder: 6
  m_LocalEulerAnglesHint: {x: 0, y: 0, z: 0}
--- !u!114 &433412303
MonoBehaviour:
  m_ObjectHideFlags: 0
  m_CorrespondingSourceObject: {fileID: 0}
  m_PrefabInstance: {fileID: 0}
  m_PrefabAsset: {fileID: 0}
  m_GameObject: {fileID: 433412300}
  m_Enabled: 1
  m_EditorHideFlags: 0
  m_Script: {fileID: 11500000, guid: 0fc46109cc955764492b8ce4e2fa7373, type: 3}
  m_Name: 
  m_EditorClassIdentifier: 
  pictureArray:
  - {fileID: 21300000, guid: c8c8bc811bffb014d913a53e9c944900, type: 3}
  - {fileID: 21300000, guid: 5d5afe4358deafd4aa9c27b48dcf26d7, type: 3}
  - {fileID: 21300000, guid: 348cfc18d4514234185958b759288526, type: 3}
  - {fileID: 21300000, guid: 9ba681b2f25c37e48beabb53cc3501b8, type: 3}
  - {fileID: 21300000, guid: e4daeb618db817844810d69dfd320dd4, type: 3}
--- !u!61 &433412304
BoxCollider2D:
  m_ObjectHideFlags: 0
  m_CorrespondingSourceObject: {fileID: 0}
  m_PrefabInstance: {fileID: 0}
  m_PrefabAsset: {fileID: 0}
  m_GameObject: {fileID: 433412300}
  m_Enabled: 1
  m_Density: 1
  m_Material: {fileID: 0}
  m_IsTrigger: 1
  m_UsedByEffector: 0
  m_UsedByComposite: 0
  m_Offset: {x: -0.07764816, y: -0.15525055}
  m_SpriteTilingProperty:
    border: {x: 0, y: 0, z: 0, w: 0}
    pivot: {x: 0.5, y: 0.5}
    oldSize: {x: 8.99, y: 6.22}
    newSize: {x: 8.99, y: 6.22}
    adaptiveTilingThreshold: 0.5
    drawMode: 0
    adaptiveTiling: 0
  m_AutoTiling: 0
  serializedVersion: 2
  m_Size: {x: 9.459566, y: 11.191011}
  m_EdgeRadius: 0
--- !u!1001 &524849984
PrefabInstance:
  m_ObjectHideFlags: 0
  serializedVersion: 2
  m_Modification:
    m_TransformParent: {fileID: 1553511068}
    m_Modifications:
    - target: {fileID: 2952548701141238819, guid: 9d726d2ad95b41c2faa6eda34870b7c2,
        type: 3}
      propertyPath: m_Name
      value: Platform (14)
      objectReference: {fileID: 0}
    - target: {fileID: 2952548701141238820, guid: 9d726d2ad95b41c2faa6eda34870b7c2,
        type: 3}
      propertyPath: m_DrawMode
      value: 1
      objectReference: {fileID: 0}
    - target: {fileID: 2952548701141238820, guid: 9d726d2ad95b41c2faa6eda34870b7c2,
        type: 3}
      propertyPath: m_SpriteTileMode
      value: 0
      objectReference: {fileID: 0}
    - target: {fileID: 2952548701141238820, guid: 9d726d2ad95b41c2faa6eda34870b7c2,
        type: 3}
      propertyPath: m_AdaptiveModeThreshold
      value: 0.624
      objectReference: {fileID: 0}
    - target: {fileID: 2952548701141238821, guid: 9d726d2ad95b41c2faa6eda34870b7c2,
        type: 3}
      propertyPath: m_LocalPosition.x
      value: -30.46
      objectReference: {fileID: 0}
    - target: {fileID: 2952548701141238821, guid: 9d726d2ad95b41c2faa6eda34870b7c2,
        type: 3}
      propertyPath: m_LocalPosition.y
      value: 1.26
      objectReference: {fileID: 0}
    - target: {fileID: 2952548701141238821, guid: 9d726d2ad95b41c2faa6eda34870b7c2,
        type: 3}
      propertyPath: m_LocalPosition.z
      value: 78.20503
      objectReference: {fileID: 0}
    - target: {fileID: 2952548701141238821, guid: 9d726d2ad95b41c2faa6eda34870b7c2,
        type: 3}
      propertyPath: m_LocalRotation.x
      value: 0
      objectReference: {fileID: 0}
    - target: {fileID: 2952548701141238821, guid: 9d726d2ad95b41c2faa6eda34870b7c2,
        type: 3}
      propertyPath: m_LocalRotation.y
      value: 0
      objectReference: {fileID: 0}
    - target: {fileID: 2952548701141238821, guid: 9d726d2ad95b41c2faa6eda34870b7c2,
        type: 3}
      propertyPath: m_LocalRotation.z
      value: 0.7071068
      objectReference: {fileID: 0}
    - target: {fileID: 2952548701141238821, guid: 9d726d2ad95b41c2faa6eda34870b7c2,
        type: 3}
      propertyPath: m_LocalRotation.w
      value: 0.7071068
      objectReference: {fileID: 0}
    - target: {fileID: 2952548701141238821, guid: 9d726d2ad95b41c2faa6eda34870b7c2,
        type: 3}
      propertyPath: m_RootOrder
      value: 14
      objectReference: {fileID: 0}
    - target: {fileID: 2952548701141238821, guid: 9d726d2ad95b41c2faa6eda34870b7c2,
        type: 3}
      propertyPath: m_LocalEulerAnglesHint.x
      value: 0
      objectReference: {fileID: 0}
    - target: {fileID: 2952548701141238821, guid: 9d726d2ad95b41c2faa6eda34870b7c2,
        type: 3}
      propertyPath: m_LocalEulerAnglesHint.y
      value: 0
      objectReference: {fileID: 0}
    - target: {fileID: 2952548701141238821, guid: 9d726d2ad95b41c2faa6eda34870b7c2,
        type: 3}
      propertyPath: m_LocalEulerAnglesHint.z
      value: 90
      objectReference: {fileID: 0}
    - target: {fileID: 2952548701141238821, guid: 9d726d2ad95b41c2faa6eda34870b7c2,
        type: 3}
      propertyPath: m_LocalScale.x
      value: 13.653008
      objectReference: {fileID: 0}
    - target: {fileID: 2952548701141238821, guid: 9d726d2ad95b41c2faa6eda34870b7c2,
        type: 3}
      propertyPath: m_LocalScale.y
      value: 8.65
      objectReference: {fileID: 0}
    - target: {fileID: 2952548701141238822, guid: 9d726d2ad95b41c2faa6eda34870b7c2,
        type: 3}
      propertyPath: m_SpriteTilingProperty.adaptiveTilingThreshold
      value: 0.624
      objectReference: {fileID: 0}
    - target: {fileID: 2952548701141238822, guid: 9d726d2ad95b41c2faa6eda34870b7c2,
        type: 3}
      propertyPath: m_SpriteTilingProperty.drawMode
      value: 1
      objectReference: {fileID: 0}
    m_RemovedComponents: []
  m_SourcePrefab: {fileID: 100100000, guid: 9d726d2ad95b41c2faa6eda34870b7c2, type: 3}
--- !u!4 &524849985 stripped
Transform:
  m_CorrespondingSourceObject: {fileID: 2952548701141238821, guid: 9d726d2ad95b41c2faa6eda34870b7c2,
    type: 3}
  m_PrefabInstance: {fileID: 524849984}
  m_PrefabAsset: {fileID: 0}
--- !u!1001 &532463694
PrefabInstance:
  m_ObjectHideFlags: 0
  serializedVersion: 2
  m_Modification:
    m_TransformParent: {fileID: 0}
    m_Modifications:
    - target: {fileID: 3570484584799334033, guid: a100a73b083f2674d8ec964b9553d006,
        type: 3}
      propertyPath: m_LocalPosition.x
      value: 23
      objectReference: {fileID: 0}
    - target: {fileID: 3570484584799334033, guid: a100a73b083f2674d8ec964b9553d006,
        type: 3}
      propertyPath: m_LocalPosition.y
      value: 2.8739984
      objectReference: {fileID: 0}
    - target: {fileID: 3570484584799334033, guid: a100a73b083f2674d8ec964b9553d006,
        type: 3}
      propertyPath: m_LocalPosition.z
      value: 0
      objectReference: {fileID: 0}
    - target: {fileID: 3570484584799334033, guid: a100a73b083f2674d8ec964b9553d006,
        type: 3}
      propertyPath: m_LocalRotation.x
      value: 0
      objectReference: {fileID: 0}
    - target: {fileID: 3570484584799334033, guid: a100a73b083f2674d8ec964b9553d006,
        type: 3}
      propertyPath: m_LocalRotation.y
      value: 0
      objectReference: {fileID: 0}
    - target: {fileID: 3570484584799334033, guid: a100a73b083f2674d8ec964b9553d006,
        type: 3}
      propertyPath: m_LocalRotation.z
      value: 0
      objectReference: {fileID: 0}
    - target: {fileID: 3570484584799334033, guid: a100a73b083f2674d8ec964b9553d006,
        type: 3}
      propertyPath: m_LocalRotation.w
      value: 1
      objectReference: {fileID: 0}
    - target: {fileID: 3570484584799334033, guid: a100a73b083f2674d8ec964b9553d006,
        type: 3}
      propertyPath: m_RootOrder
      value: 3
      objectReference: {fileID: 0}
    - target: {fileID: 3570484584799334033, guid: a100a73b083f2674d8ec964b9553d006,
        type: 3}
      propertyPath: m_LocalEulerAnglesHint.x
      value: 0
      objectReference: {fileID: 0}
    - target: {fileID: 3570484584799334033, guid: a100a73b083f2674d8ec964b9553d006,
        type: 3}
      propertyPath: m_LocalEulerAnglesHint.y
      value: 0
      objectReference: {fileID: 0}
    - target: {fileID: 3570484584799334033, guid: a100a73b083f2674d8ec964b9553d006,
        type: 3}
      propertyPath: m_LocalEulerAnglesHint.z
      value: 0
      objectReference: {fileID: 0}
    - target: {fileID: 3570484584799334034, guid: a100a73b083f2674d8ec964b9553d006,
        type: 3}
      propertyPath: levels.Array.size
      value: 4
      objectReference: {fileID: 0}
    - target: {fileID: 3570484584799334034, guid: a100a73b083f2674d8ec964b9553d006,
        type: 3}
      propertyPath: door
      value: 
      objectReference: {fileID: 1179787247}
    - target: {fileID: 3570484584799334034, guid: a100a73b083f2674d8ec964b9553d006,
        type: 3}
      propertyPath: level
      value: 2
      objectReference: {fileID: 0}
    - target: {fileID: 3570484584799334034, guid: a100a73b083f2674d8ec964b9553d006,
        type: 3}
      propertyPath: levels.Array.data[0]
      value: LeftVentricle
      objectReference: {fileID: 0}
    - target: {fileID: 3570484584799334034, guid: a100a73b083f2674d8ec964b9553d006,
        type: 3}
      propertyPath: levels.Array.data[1]
      value: RightVentricle
      objectReference: {fileID: 0}
    - target: {fileID: 3570484584799334034, guid: a100a73b083f2674d8ec964b9553d006,
        type: 3}
      propertyPath: levels.Array.data[2]
      value: LeftAtrium
      objectReference: {fileID: 0}
    - target: {fileID: 3570484584799334034, guid: a100a73b083f2674d8ec964b9553d006,
        type: 3}
      propertyPath: levels.Array.data[3]
      value: RightAtrium
      objectReference: {fileID: 0}
    - target: {fileID: 3570484584799334127, guid: a100a73b083f2674d8ec964b9553d006,
        type: 3}
      propertyPath: m_Name
      value: Door (1)
      objectReference: {fileID: 0}
    m_RemovedComponents: []
  m_SourcePrefab: {fileID: 100100000, guid: a100a73b083f2674d8ec964b9553d006, type: 3}
--- !u!1 &627014655 stripped
GameObject:
  m_CorrespondingSourceObject: {fileID: 3570484584799334127, guid: a100a73b083f2674d8ec964b9553d006,
    type: 3}
  m_PrefabInstance: {fileID: 1541099574}
  m_PrefabAsset: {fileID: 0}
--- !u!4 &640815172 stripped
Transform:
  m_CorrespondingSourceObject: {fileID: 2952548701141238821, guid: 9d726d2ad95b41c2faa6eda34870b7c2,
    type: 3}
  m_PrefabInstance: {fileID: 1752842443}
  m_PrefabAsset: {fileID: 0}
--- !u!4 &732655068 stripped
Transform:
  m_CorrespondingSourceObject: {fileID: 2952548701141238821, guid: 9d726d2ad95b41c2faa6eda34870b7c2,
    type: 3}
  m_PrefabInstance: {fileID: 284855317}
  m_PrefabAsset: {fileID: 0}
--- !u!4 &789428663 stripped
Transform:
  m_CorrespondingSourceObject: {fileID: 2952548701141238821, guid: 9d726d2ad95b41c2faa6eda34870b7c2,
    type: 3}
  m_PrefabInstance: {fileID: 1124621789}
  m_PrefabAsset: {fileID: 0}
--- !u!1 &836549473
GameObject:
  m_ObjectHideFlags: 0
  m_CorrespondingSourceObject: {fileID: 0}
  m_PrefabInstance: {fileID: 0}
  m_PrefabAsset: {fileID: 0}
  serializedVersion: 6
  m_Component:
  - component: {fileID: 836549476}
  - component: {fileID: 836549475}
  - component: {fileID: 836549474}
  m_Layer: 0
  m_Name: EventSystem
  m_TagString: Untagged
  m_Icon: {fileID: 0}
  m_NavMeshLayer: 0
  m_StaticEditorFlags: 0
  m_IsActive: 1
--- !u!114 &836549474
MonoBehaviour:
  m_ObjectHideFlags: 0
  m_CorrespondingSourceObject: {fileID: 0}
  m_PrefabInstance: {fileID: 0}
  m_PrefabAsset: {fileID: 0}
  m_GameObject: {fileID: 836549473}
  m_Enabled: 1
  m_EditorHideFlags: 0
  m_Script: {fileID: 11500000, guid: 4f231c4fb786f3946a6b90b886c48677, type: 3}
  m_Name: 
  m_EditorClassIdentifier: 
  m_HorizontalAxis: Horizontal
  m_VerticalAxis: Vertical
  m_SubmitButton: Submit
  m_CancelButton: Cancel
  m_InputActionsPerSecond: 10
  m_RepeatDelay: 0.5
  m_ForceModuleActive: 0
--- !u!114 &836549475
MonoBehaviour:
  m_ObjectHideFlags: 0
  m_CorrespondingSourceObject: {fileID: 0}
  m_PrefabInstance: {fileID: 0}
  m_PrefabAsset: {fileID: 0}
  m_GameObject: {fileID: 836549473}
  m_Enabled: 1
  m_EditorHideFlags: 0
  m_Script: {fileID: 11500000, guid: 76c392e42b5098c458856cdf6ecaaaa1, type: 3}
  m_Name: 
  m_EditorClassIdentifier: 
  m_FirstSelected: {fileID: 0}
  m_sendNavigationEvents: 1
  m_DragThreshold: 10
--- !u!4 &836549476
Transform:
  m_ObjectHideFlags: 0
  m_CorrespondingSourceObject: {fileID: 0}
  m_PrefabInstance: {fileID: 0}
  m_PrefabAsset: {fileID: 0}
  m_GameObject: {fileID: 836549473}
  m_LocalRotation: {x: 0, y: 0, z: 0, w: 1}
  m_LocalPosition: {x: 0, y: 0, z: 0}
  m_LocalScale: {x: 1, y: 1, z: 1}
  m_Children: []
  m_Father: {fileID: 0}
  m_RootOrder: 12
  m_LocalEulerAnglesHint: {x: 0, y: 0, z: 0}
--- !u!1001 &912288282
PrefabInstance:
  m_ObjectHideFlags: 0
  serializedVersion: 2
  m_Modification:
    m_TransformParent: {fileID: 1553511068}
    m_Modifications:
    - target: {fileID: 2952548701141238819, guid: 9d726d2ad95b41c2faa6eda34870b7c2,
        type: 3}
      propertyPath: m_Name
      value: Platform (10)
      objectReference: {fileID: 0}
    - target: {fileID: 2952548701141238821, guid: 9d726d2ad95b41c2faa6eda34870b7c2,
        type: 3}
      propertyPath: m_LocalPosition.x
      value: -0.8212023
      objectReference: {fileID: 0}
    - target: {fileID: 2952548701141238821, guid: 9d726d2ad95b41c2faa6eda34870b7c2,
        type: 3}
      propertyPath: m_LocalPosition.y
      value: -11.302999
      objectReference: {fileID: 0}
    - target: {fileID: 2952548701141238821, guid: 9d726d2ad95b41c2faa6eda34870b7c2,
        type: 3}
      propertyPath: m_LocalPosition.z
      value: 78.20503
      objectReference: {fileID: 0}
    - target: {fileID: 2952548701141238821, guid: 9d726d2ad95b41c2faa6eda34870b7c2,
        type: 3}
      propertyPath: m_LocalRotation.x
      value: -0
      objectReference: {fileID: 0}
    - target: {fileID: 2952548701141238821, guid: 9d726d2ad95b41c2faa6eda34870b7c2,
        type: 3}
      propertyPath: m_LocalRotation.y
      value: -0
      objectReference: {fileID: 0}
    - target: {fileID: 2952548701141238821, guid: 9d726d2ad95b41c2faa6eda34870b7c2,
        type: 3}
      propertyPath: m_LocalRotation.z
      value: -0.7071068
      objectReference: {fileID: 0}
    - target: {fileID: 2952548701141238821, guid: 9d726d2ad95b41c2faa6eda34870b7c2,
        type: 3}
      propertyPath: m_LocalRotation.w
      value: 0.7071068
      objectReference: {fileID: 0}
    - target: {fileID: 2952548701141238821, guid: 9d726d2ad95b41c2faa6eda34870b7c2,
        type: 3}
      propertyPath: m_RootOrder
      value: 3
      objectReference: {fileID: 0}
    - target: {fileID: 2952548701141238821, guid: 9d726d2ad95b41c2faa6eda34870b7c2,
        type: 3}
      propertyPath: m_LocalEulerAnglesHint.x
      value: 0
      objectReference: {fileID: 0}
    - target: {fileID: 2952548701141238821, guid: 9d726d2ad95b41c2faa6eda34870b7c2,
        type: 3}
      propertyPath: m_LocalEulerAnglesHint.y
      value: 0
      objectReference: {fileID: 0}
    - target: {fileID: 2952548701141238821, guid: 9d726d2ad95b41c2faa6eda34870b7c2,
        type: 3}
      propertyPath: m_LocalEulerAnglesHint.z
      value: -90
      objectReference: {fileID: 0}
    - target: {fileID: 2952548701141238821, guid: 9d726d2ad95b41c2faa6eda34870b7c2,
        type: 3}
      propertyPath: m_LocalScale.x
      value: 1.63298
      objectReference: {fileID: 0}
    m_RemovedComponents: []
  m_SourcePrefab: {fileID: 100100000, guid: 9d726d2ad95b41c2faa6eda34870b7c2, type: 3}
--- !u!1 &990135809
GameObject:
  m_ObjectHideFlags: 0
  m_CorrespondingSourceObject: {fileID: 0}
  m_PrefabInstance: {fileID: 0}
  m_PrefabAsset: {fileID: 0}
  serializedVersion: 6
  m_Component:
  - component: {fileID: 990135811}
  - component: {fileID: 990135810}
  m_Layer: 0
  m_Name: Hub Music
  m_TagString: Untagged
  m_Icon: {fileID: 0}
  m_NavMeshLayer: 0
  m_StaticEditorFlags: 0
  m_IsActive: 1
--- !u!82 &990135810
AudioSource:
  m_ObjectHideFlags: 0
  m_CorrespondingSourceObject: {fileID: 0}
  m_PrefabInstance: {fileID: 0}
  m_PrefabAsset: {fileID: 0}
  m_GameObject: {fileID: 990135809}
  m_Enabled: 1
  serializedVersion: 4
  OutputAudioMixerGroup: {fileID: 0}
  m_audioClip: {fileID: 8300000, guid: 44e0e4c992d455b16acedcc10103ab74, type: 3}
  m_PlayOnAwake: 1
  m_Volume: 0.2
  m_Pitch: 1
  Loop: 1
  Mute: 0
  Spatialize: 0
  SpatializePostEffects: 0
  Priority: 128
  DopplerLevel: 1
  MinDistance: 1
  MaxDistance: 500
  Pan2D: 0
  rolloffMode: 0
  BypassEffects: 0
  BypassListenerEffects: 0
  BypassReverbZones: 0
  rolloffCustomCurve:
    serializedVersion: 2
    m_Curve:
    - serializedVersion: 3
      time: 0
      value: 1
      inSlope: 0
      outSlope: 0
      tangentMode: 0
      weightedMode: 0
      inWeight: 0.33333334
      outWeight: 0.33333334
    - serializedVersion: 3
      time: 1
      value: 0
      inSlope: 0
      outSlope: 0
      tangentMode: 0
      weightedMode: 0
      inWeight: 0.33333334
      outWeight: 0.33333334
    m_PreInfinity: 2
    m_PostInfinity: 2
    m_RotationOrder: 4
  panLevelCustomCurve:
    serializedVersion: 2
    m_Curve:
    - serializedVersion: 3
      time: 0
      value: 0
      inSlope: 0
      outSlope: 0
      tangentMode: 0
      weightedMode: 0
      inWeight: 0.33333334
      outWeight: 0.33333334
    m_PreInfinity: 2
    m_PostInfinity: 2
    m_RotationOrder: 4
  spreadCustomCurve:
    serializedVersion: 2
    m_Curve:
    - serializedVersion: 3
      time: 0
      value: 0
      inSlope: 0
      outSlope: 0
      tangentMode: 0
      weightedMode: 0
      inWeight: 0.33333334
      outWeight: 0.33333334
    m_PreInfinity: 2
    m_PostInfinity: 2
    m_RotationOrder: 4
  reverbZoneMixCustomCurve:
    serializedVersion: 2
    m_Curve:
    - serializedVersion: 3
      time: 0
      value: 1
      inSlope: 0
      outSlope: 0
      tangentMode: 0
      weightedMode: 0
      inWeight: 0.33333334
      outWeight: 0.33333334
    m_PreInfinity: 2
    m_PostInfinity: 2
    m_RotationOrder: 4
--- !u!4 &990135811
Transform:
  m_ObjectHideFlags: 0
  m_CorrespondingSourceObject: {fileID: 0}
  m_PrefabInstance: {fileID: 0}
  m_PrefabAsset: {fileID: 0}
  m_GameObject: {fileID: 990135809}
  m_LocalRotation: {x: 0, y: 0, z: 0, w: 1}
  m_LocalPosition: {x: 0, y: 0, z: 0}
  m_LocalScale: {x: 1, y: 1, z: 1}
  m_Children: []
  m_Father: {fileID: 0}
  m_RootOrder: 10
  m_LocalEulerAnglesHint: {x: 0, y: 0, z: 0}
--- !u!1001 &999516275
PrefabInstance:
  m_ObjectHideFlags: 0
  serializedVersion: 2
  m_Modification:
    m_TransformParent: {fileID: 1553511068}
    m_Modifications:
    - target: {fileID: 2952548701141238819, guid: 9d726d2ad95b41c2faa6eda34870b7c2,
        type: 3}
      propertyPath: m_Name
      value: Platform (2)
      objectReference: {fileID: 0}
    - target: {fileID: 2952548701141238821, guid: 9d726d2ad95b41c2faa6eda34870b7c2,
        type: 3}
      propertyPath: m_LocalPosition.x
      value: -13.341202
      objectReference: {fileID: 0}
    - target: {fileID: 2952548701141238821, guid: 9d726d2ad95b41c2faa6eda34870b7c2,
        type: 3}
      propertyPath: m_LocalPosition.y
      value: -3
      objectReference: {fileID: 0}
    - target: {fileID: 2952548701141238821, guid: 9d726d2ad95b41c2faa6eda34870b7c2,
        type: 3}
      propertyPath: m_LocalPosition.z
      value: 78.20503
      objectReference: {fileID: 0}
    - target: {fileID: 2952548701141238821, guid: 9d726d2ad95b41c2faa6eda34870b7c2,
        type: 3}
      propertyPath: m_LocalRotation.x
      value: -0
      objectReference: {fileID: 0}
    - target: {fileID: 2952548701141238821, guid: 9d726d2ad95b41c2faa6eda34870b7c2,
        type: 3}
      propertyPath: m_LocalRotation.y
      value: -0
      objectReference: {fileID: 0}
    - target: {fileID: 2952548701141238821, guid: 9d726d2ad95b41c2faa6eda34870b7c2,
        type: 3}
      propertyPath: m_LocalRotation.z
      value: 0.7071068
      objectReference: {fileID: 0}
    - target: {fileID: 2952548701141238821, guid: 9d726d2ad95b41c2faa6eda34870b7c2,
        type: 3}
      propertyPath: m_LocalRotation.w
      value: 0.7071068
      objectReference: {fileID: 0}
    - target: {fileID: 2952548701141238821, guid: 9d726d2ad95b41c2faa6eda34870b7c2,
        type: 3}
      propertyPath: m_RootOrder
      value: 11
      objectReference: {fileID: 0}
    - target: {fileID: 2952548701141238821, guid: 9d726d2ad95b41c2faa6eda34870b7c2,
        type: 3}
      propertyPath: m_LocalEulerAnglesHint.x
      value: 0
      objectReference: {fileID: 0}
    - target: {fileID: 2952548701141238821, guid: 9d726d2ad95b41c2faa6eda34870b7c2,
        type: 3}
      propertyPath: m_LocalEulerAnglesHint.y
      value: 0
      objectReference: {fileID: 0}
    - target: {fileID: 2952548701141238821, guid: 9d726d2ad95b41c2faa6eda34870b7c2,
        type: 3}
      propertyPath: m_LocalEulerAnglesHint.z
      value: 90
      objectReference: {fileID: 0}
    - target: {fileID: 2952548701141238821, guid: 9d726d2ad95b41c2faa6eda34870b7c2,
        type: 3}
      propertyPath: m_LocalScale.x
      value: 1.525
      objectReference: {fileID: 0}
    m_RemovedComponents: []
  m_SourcePrefab: {fileID: 100100000, guid: 9d726d2ad95b41c2faa6eda34870b7c2, type: 3}
--- !u!1001 &1007779556
PrefabInstance:
  m_ObjectHideFlags: 0
  serializedVersion: 2
  m_Modification:
    m_TransformParent: {fileID: 1553511068}
    m_Modifications:
    - target: {fileID: 2952548701141238819, guid: 9d726d2ad95b41c2faa6eda34870b7c2,
        type: 3}
      propertyPath: m_Name
      value: Platform (13)
      objectReference: {fileID: 0}
    - target: {fileID: 2952548701141238821, guid: 9d726d2ad95b41c2faa6eda34870b7c2,
        type: 3}
      propertyPath: m_LocalPosition.x
      value: 11.16
      objectReference: {fileID: 0}
    - target: {fileID: 2952548701141238821, guid: 9d726d2ad95b41c2faa6eda34870b7c2,
        type: 3}
      propertyPath: m_LocalPosition.y
      value: -12.693998
      objectReference: {fileID: 0}
    - target: {fileID: 2952548701141238821, guid: 9d726d2ad95b41c2faa6eda34870b7c2,
        type: 3}
      propertyPath: m_LocalPosition.z
      value: 78.20503
      objectReference: {fileID: 0}
    - target: {fileID: 2952548701141238821, guid: 9d726d2ad95b41c2faa6eda34870b7c2,
        type: 3}
      propertyPath: m_LocalRotation.x
      value: -0
      objectReference: {fileID: 0}
    - target: {fileID: 2952548701141238821, guid: 9d726d2ad95b41c2faa6eda34870b7c2,
        type: 3}
      propertyPath: m_LocalRotation.y
      value: -0
      objectReference: {fileID: 0}
    - target: {fileID: 2952548701141238821, guid: 9d726d2ad95b41c2faa6eda34870b7c2,
        type: 3}
      propertyPath: m_LocalRotation.z
      value: -0
      objectReference: {fileID: 0}
    - target: {fileID: 2952548701141238821, guid: 9d726d2ad95b41c2faa6eda34870b7c2,
        type: 3}
      propertyPath: m_LocalRotation.w
      value: 1
      objectReference: {fileID: 0}
    - target: {fileID: 2952548701141238821, guid: 9d726d2ad95b41c2faa6eda34870b7c2,
        type: 3}
      propertyPath: m_RootOrder
      value: 0
      objectReference: {fileID: 0}
    - target: {fileID: 2952548701141238821, guid: 9d726d2ad95b41c2faa6eda34870b7c2,
        type: 3}
      propertyPath: m_LocalEulerAnglesHint.x
      value: 0
      objectReference: {fileID: 0}
    - target: {fileID: 2952548701141238821, guid: 9d726d2ad95b41c2faa6eda34870b7c2,
        type: 3}
      propertyPath: m_LocalEulerAnglesHint.y
      value: 0
      objectReference: {fileID: 0}
    - target: {fileID: 2952548701141238821, guid: 9d726d2ad95b41c2faa6eda34870b7c2,
        type: 3}
      propertyPath: m_LocalEulerAnglesHint.z
      value: 0
      objectReference: {fileID: 0}
    - target: {fileID: 2952548701141238821, guid: 9d726d2ad95b41c2faa6eda34870b7c2,
        type: 3}
      propertyPath: m_LocalScale.x
      value: 11.690475
      objectReference: {fileID: 0}
    - target: {fileID: 2952548701141238821, guid: 9d726d2ad95b41c2faa6eda34870b7c2,
        type: 3}
      propertyPath: m_LocalScale.y
      value: 2
      objectReference: {fileID: 0}
    - target: {fileID: 2952548701141238821, guid: 9d726d2ad95b41c2faa6eda34870b7c2,
        type: 3}
      propertyPath: m_LocalScale.z
      value: 1
      objectReference: {fileID: 0}
    m_RemovedComponents: []
  m_SourcePrefab: {fileID: 100100000, guid: 9d726d2ad95b41c2faa6eda34870b7c2, type: 3}
--- !u!1 &1031922256
GameObject:
  m_ObjectHideFlags: 0
  m_CorrespondingSourceObject: {fileID: 0}
  m_PrefabInstance: {fileID: 0}
  m_PrefabAsset: {fileID: 0}
  serializedVersion: 6
  m_Component:
  - component: {fileID: 1031922257}
  - component: {fileID: 1031922259}
  - component: {fileID: 1031922258}
  m_Layer: 5
  m_Name: RawImage
  m_TagString: Untagged
  m_Icon: {fileID: 0}
  m_NavMeshLayer: 0
  m_StaticEditorFlags: 0
  m_IsActive: 1
--- !u!224 &1031922257
RectTransform:
  m_ObjectHideFlags: 0
  m_CorrespondingSourceObject: {fileID: 0}
  m_PrefabInstance: {fileID: 0}
  m_PrefabAsset: {fileID: 0}
  m_GameObject: {fileID: 1031922256}
  m_LocalRotation: {x: -0, y: -0, z: -0, w: 1}
  m_LocalPosition: {x: 0, y: 0, z: 0}
  m_LocalScale: {x: 0, y: 0, z: 0}
  m_Children: []
  m_Father: {fileID: 1472486077}
  m_RootOrder: 0
  m_LocalEulerAnglesHint: {x: 0, y: 0, z: 0}
  m_AnchorMin: {x: 0.5, y: 0.5}
  m_AnchorMax: {x: 0.5, y: 0.5}
  m_AnchoredPosition: {x: -339, y: -141.5}
  m_SizeDelta: {x: 100, y: 100}
  m_Pivot: {x: 0.5, y: 0.5}
--- !u!114 &1031922258
MonoBehaviour:
  m_ObjectHideFlags: 0
  m_CorrespondingSourceObject: {fileID: 0}
  m_PrefabInstance: {fileID: 0}
  m_PrefabAsset: {fileID: 0}
  m_GameObject: {fileID: 1031922256}
  m_Enabled: 1
  m_EditorHideFlags: 0
  m_Script: {fileID: 11500000, guid: 1344c3c82d62a2a41a3576d8abb8e3ea, type: 3}
  m_Name: 
  m_EditorClassIdentifier: 
  m_Material: {fileID: 0}
  m_Color: {r: 0, g: 0, b: 0, a: 1}
  m_RaycastTarget: 1
  m_OnCullStateChanged:
    m_PersistentCalls:
      m_Calls: []
  m_Texture: {fileID: 0}
  m_UVRect:
    serializedVersion: 2
    x: 0
    y: 0
    width: 1
    height: 1
--- !u!222 &1031922259
CanvasRenderer:
  m_ObjectHideFlags: 0
  m_CorrespondingSourceObject: {fileID: 0}
  m_PrefabInstance: {fileID: 0}
  m_PrefabAsset: {fileID: 0}
  m_GameObject: {fileID: 1031922256}
  m_CullTransparentMesh: 0
--- !u!1001 &1057785395
PrefabInstance:
  m_ObjectHideFlags: 0
  serializedVersion: 2
  m_Modification:
    m_TransformParent: {fileID: 1553511068}
    m_Modifications:
    - target: {fileID: 2952548701141238819, guid: 9d726d2ad95b41c2faa6eda34870b7c2,
        type: 3}
      propertyPath: m_Name
      value: Platform (1)
      objectReference: {fileID: 0}
    - target: {fileID: 2952548701141238821, guid: 9d726d2ad95b41c2faa6eda34870b7c2,
        type: 3}
      propertyPath: m_LocalPosition.x
      value: 11.25
      objectReference: {fileID: 0}
    - target: {fileID: 2952548701141238821, guid: 9d726d2ad95b41c2faa6eda34870b7c2,
        type: 3}
      propertyPath: m_LocalPosition.y
      value: -6.693201
      objectReference: {fileID: 0}
    - target: {fileID: 2952548701141238821, guid: 9d726d2ad95b41c2faa6eda34870b7c2,
        type: 3}
      propertyPath: m_LocalPosition.z
      value: 78.20503
      objectReference: {fileID: 0}
    - target: {fileID: 2952548701141238821, guid: 9d726d2ad95b41c2faa6eda34870b7c2,
        type: 3}
      propertyPath: m_LocalRotation.x
      value: -0
      objectReference: {fileID: 0}
    - target: {fileID: 2952548701141238821, guid: 9d726d2ad95b41c2faa6eda34870b7c2,
        type: 3}
      propertyPath: m_LocalRotation.y
      value: -0
      objectReference: {fileID: 0}
    - target: {fileID: 2952548701141238821, guid: 9d726d2ad95b41c2faa6eda34870b7c2,
        type: 3}
      propertyPath: m_LocalRotation.z
      value: -0
      objectReference: {fileID: 0}
    - target: {fileID: 2952548701141238821, guid: 9d726d2ad95b41c2faa6eda34870b7c2,
        type: 3}
      propertyPath: m_LocalRotation.w
      value: 1
      objectReference: {fileID: 0}
    - target: {fileID: 2952548701141238821, guid: 9d726d2ad95b41c2faa6eda34870b7c2,
        type: 3}
      propertyPath: m_RootOrder
      value: 12
      objectReference: {fileID: 0}
    - target: {fileID: 2952548701141238821, guid: 9d726d2ad95b41c2faa6eda34870b7c2,
        type: 3}
      propertyPath: m_LocalEulerAnglesHint.x
      value: 0
      objectReference: {fileID: 0}
    - target: {fileID: 2952548701141238821, guid: 9d726d2ad95b41c2faa6eda34870b7c2,
        type: 3}
      propertyPath: m_LocalEulerAnglesHint.y
      value: 0
      objectReference: {fileID: 0}
    - target: {fileID: 2952548701141238821, guid: 9d726d2ad95b41c2faa6eda34870b7c2,
        type: 3}
      propertyPath: m_LocalEulerAnglesHint.z
      value: 0
      objectReference: {fileID: 0}
    - target: {fileID: 2952548701141238821, guid: 9d726d2ad95b41c2faa6eda34870b7c2,
        type: 3}
      propertyPath: m_LocalScale.x
      value: 11.418
      objectReference: {fileID: 0}
    m_RemovedComponents: []
  m_SourcePrefab: {fileID: 100100000, guid: 9d726d2ad95b41c2faa6eda34870b7c2, type: 3}
--- !u!4 &1119572853 stripped
Transform:
  m_CorrespondingSourceObject: {fileID: 2952548701141238821, guid: 9d726d2ad95b41c2faa6eda34870b7c2,
    type: 3}
  m_PrefabInstance: {fileID: 999516275}
  m_PrefabAsset: {fileID: 0}
--- !u!1001 &1124621789
PrefabInstance:
  m_ObjectHideFlags: 0
  serializedVersion: 2
  m_Modification:
    m_TransformParent: {fileID: 1553511068}
    m_Modifications:
    - target: {fileID: 2952548701141238819, guid: 9d726d2ad95b41c2faa6eda34870b7c2,
        type: 3}
      propertyPath: m_Name
      value: Platform (11)
      objectReference: {fileID: 0}
    - target: {fileID: 2952548701141238821, guid: 9d726d2ad95b41c2faa6eda34870b7c2,
        type: 3}
      propertyPath: m_LocalPosition.x
      value: -4.981202
      objectReference: {fileID: 0}
    - target: {fileID: 2952548701141238821, guid: 9d726d2ad95b41c2faa6eda34870b7c2,
        type: 3}
      propertyPath: m_LocalPosition.y
      value: -11.303998
      objectReference: {fileID: 0}
    - target: {fileID: 2952548701141238821, guid: 9d726d2ad95b41c2faa6eda34870b7c2,
        type: 3}
      propertyPath: m_LocalPosition.z
      value: 78.20503
      objectReference: {fileID: 0}
    - target: {fileID: 2952548701141238821, guid: 9d726d2ad95b41c2faa6eda34870b7c2,
        type: 3}
      propertyPath: m_LocalRotation.x
      value: -0
      objectReference: {fileID: 0}
    - target: {fileID: 2952548701141238821, guid: 9d726d2ad95b41c2faa6eda34870b7c2,
        type: 3}
      propertyPath: m_LocalRotation.y
      value: -0
      objectReference: {fileID: 0}
    - target: {fileID: 2952548701141238821, guid: 9d726d2ad95b41c2faa6eda34870b7c2,
        type: 3}
      propertyPath: m_LocalRotation.z
      value: -0.7071068
      objectReference: {fileID: 0}
    - target: {fileID: 2952548701141238821, guid: 9d726d2ad95b41c2faa6eda34870b7c2,
        type: 3}
      propertyPath: m_LocalRotation.w
      value: 0.7071068
      objectReference: {fileID: 0}
    - target: {fileID: 2952548701141238821, guid: 9d726d2ad95b41c2faa6eda34870b7c2,
        type: 3}
      propertyPath: m_RootOrder
      value: 2
      objectReference: {fileID: 0}
    - target: {fileID: 2952548701141238821, guid: 9d726d2ad95b41c2faa6eda34870b7c2,
        type: 3}
      propertyPath: m_LocalEulerAnglesHint.x
      value: 0
      objectReference: {fileID: 0}
    - target: {fileID: 2952548701141238821, guid: 9d726d2ad95b41c2faa6eda34870b7c2,
        type: 3}
      propertyPath: m_LocalEulerAnglesHint.y
      value: 0
      objectReference: {fileID: 0}
    - target: {fileID: 2952548701141238821, guid: 9d726d2ad95b41c2faa6eda34870b7c2,
        type: 3}
      propertyPath: m_LocalEulerAnglesHint.z
      value: -90
      objectReference: {fileID: 0}
    - target: {fileID: 2952548701141238821, guid: 9d726d2ad95b41c2faa6eda34870b7c2,
        type: 3}
      propertyPath: m_LocalScale.x
      value: 1.63298
      objectReference: {fileID: 0}
    m_RemovedComponents: []
  m_SourcePrefab: {fileID: 100100000, guid: 9d726d2ad95b41c2faa6eda34870b7c2, type: 3}
--- !u!1001 &1136011723
PrefabInstance:
  m_ObjectHideFlags: 0
  serializedVersion: 2
  m_Modification:
    m_TransformParent: {fileID: 1553511068}
    m_Modifications:
    - target: {fileID: 2952548701141238819, guid: 9d726d2ad95b41c2faa6eda34870b7c2,
        type: 3}
      propertyPath: m_Name
      value: Platform (6)
      objectReference: {fileID: 0}
    - target: {fileID: 2952548701141238821, guid: 9d726d2ad95b41c2faa6eda34870b7c2,
        type: 3}
      propertyPath: m_LocalPosition.x
      value: 5.248798
      objectReference: {fileID: 0}
    - target: {fileID: 2952548701141238821, guid: 9d726d2ad95b41c2faa6eda34870b7c2,
        type: 3}
      propertyPath: m_LocalPosition.y
      value: -4.38
      objectReference: {fileID: 0}
    - target: {fileID: 2952548701141238821, guid: 9d726d2ad95b41c2faa6eda34870b7c2,
        type: 3}
      propertyPath: m_LocalPosition.z
      value: 78.20503
      objectReference: {fileID: 0}
    - target: {fileID: 2952548701141238821, guid: 9d726d2ad95b41c2faa6eda34870b7c2,
        type: 3}
      propertyPath: m_LocalRotation.x
      value: -0
      objectReference: {fileID: 0}
    - target: {fileID: 2952548701141238821, guid: 9d726d2ad95b41c2faa6eda34870b7c2,
        type: 3}
      propertyPath: m_LocalRotation.y
      value: -0
      objectReference: {fileID: 0}
    - target: {fileID: 2952548701141238821, guid: 9d726d2ad95b41c2faa6eda34870b7c2,
        type: 3}
      propertyPath: m_LocalRotation.z
      value: -0
      objectReference: {fileID: 0}
    - target: {fileID: 2952548701141238821, guid: 9d726d2ad95b41c2faa6eda34870b7c2,
        type: 3}
      propertyPath: m_LocalRotation.w
      value: 1
      objectReference: {fileID: 0}
    - target: {fileID: 2952548701141238821, guid: 9d726d2ad95b41c2faa6eda34870b7c2,
        type: 3}
      propertyPath: m_RootOrder
      value: 7
      objectReference: {fileID: 0}
    - target: {fileID: 2952548701141238821, guid: 9d726d2ad95b41c2faa6eda34870b7c2,
        type: 3}
      propertyPath: m_LocalEulerAnglesHint.x
      value: 0
      objectReference: {fileID: 0}
    - target: {fileID: 2952548701141238821, guid: 9d726d2ad95b41c2faa6eda34870b7c2,
        type: 3}
      propertyPath: m_LocalEulerAnglesHint.y
      value: 0
      objectReference: {fileID: 0}
    - target: {fileID: 2952548701141238821, guid: 9d726d2ad95b41c2faa6eda34870b7c2,
        type: 3}
      propertyPath: m_LocalEulerAnglesHint.z
      value: 0
      objectReference: {fileID: 0}
    m_RemovedComponents: []
  m_SourcePrefab: {fileID: 100100000, guid: 9d726d2ad95b41c2faa6eda34870b7c2, type: 3}
--- !u!1 &1143266016 stripped
GameObject:
  m_CorrespondingSourceObject: {fileID: 1785207147899018626, guid: 8f2c8cbfa6f1b29818a712db62f81004,
    type: 3}
  m_PrefabInstance: {fileID: 1560702370}
  m_PrefabAsset: {fileID: 0}
--- !u!4 &1143266022 stripped
Transform:
  m_CorrespondingSourceObject: {fileID: 1785207147899018630, guid: 8f2c8cbfa6f1b29818a712db62f81004,
    type: 3}
  m_PrefabInstance: {fileID: 1560702370}
  m_PrefabAsset: {fileID: 0}
--- !u!114 &1143266023
MonoBehaviour:
  m_ObjectHideFlags: 0
  m_CorrespondingSourceObject: {fileID: 0}
  m_PrefabInstance: {fileID: 0}
  m_PrefabAsset: {fileID: 0}
  m_GameObject: {fileID: 1143266016}
  m_Enabled: 1
  m_EditorHideFlags: 0
  m_Script: {fileID: 11500000, guid: 909a118eb7c09604b86c465e2263e752, type: 3}
  m_Name: 
  m_EditorClassIdentifier: 
--- !u!1 &1179787247 stripped
GameObject:
  m_CorrespondingSourceObject: {fileID: 3570484584799334127, guid: a100a73b083f2674d8ec964b9553d006,
    type: 3}
  m_PrefabInstance: {fileID: 532463694}
  m_PrefabAsset: {fileID: 0}
--- !u!1001 &1229636202
PrefabInstance:
  m_ObjectHideFlags: 0
  serializedVersion: 2
  m_Modification:
    m_TransformParent: {fileID: 0}
    m_Modifications:
    - target: {fileID: 3570484584799334033, guid: a100a73b083f2674d8ec964b9553d006,
        type: 3}
      propertyPath: m_LocalPosition.x
      value: -24.18
      objectReference: {fileID: 0}
    - target: {fileID: 3570484584799334033, guid: a100a73b083f2674d8ec964b9553d006,
        type: 3}
      propertyPath: m_LocalPosition.y
      value: 3.0932014
      objectReference: {fileID: 0}
    - target: {fileID: 3570484584799334033, guid: a100a73b083f2674d8ec964b9553d006,
        type: 3}
      propertyPath: m_LocalPosition.z
      value: 0
      objectReference: {fileID: 0}
    - target: {fileID: 3570484584799334033, guid: a100a73b083f2674d8ec964b9553d006,
        type: 3}
      propertyPath: m_LocalRotation.x
      value: 0
      objectReference: {fileID: 0}
    - target: {fileID: 3570484584799334033, guid: a100a73b083f2674d8ec964b9553d006,
        type: 3}
      propertyPath: m_LocalRotation.y
      value: 0
      objectReference: {fileID: 0}
    - target: {fileID: 3570484584799334033, guid: a100a73b083f2674d8ec964b9553d006,
        type: 3}
      propertyPath: m_LocalRotation.z
      value: 0
      objectReference: {fileID: 0}
    - target: {fileID: 3570484584799334033, guid: a100a73b083f2674d8ec964b9553d006,
        type: 3}
      propertyPath: m_LocalRotation.w
      value: 1
      objectReference: {fileID: 0}
    - target: {fileID: 3570484584799334033, guid: a100a73b083f2674d8ec964b9553d006,
        type: 3}
      propertyPath: m_RootOrder
      value: 4
      objectReference: {fileID: 0}
    - target: {fileID: 3570484584799334033, guid: a100a73b083f2674d8ec964b9553d006,
        type: 3}
      propertyPath: m_LocalEulerAnglesHint.x
      value: 0
      objectReference: {fileID: 0}
    - target: {fileID: 3570484584799334033, guid: a100a73b083f2674d8ec964b9553d006,
        type: 3}
      propertyPath: m_LocalEulerAnglesHint.y
      value: 0
      objectReference: {fileID: 0}
    - target: {fileID: 3570484584799334033, guid: a100a73b083f2674d8ec964b9553d006,
        type: 3}
      propertyPath: m_LocalEulerAnglesHint.z
      value: 0
      objectReference: {fileID: 0}
    - target: {fileID: 3570484584799334034, guid: a100a73b083f2674d8ec964b9553d006,
        type: 3}
      propertyPath: levels.Array.size
      value: 4
      objectReference: {fileID: 0}
    - target: {fileID: 3570484584799334034, guid: a100a73b083f2674d8ec964b9553d006,
        type: 3}
      propertyPath: levelName
      value: SampleScene
      objectReference: {fileID: 0}
    - target: {fileID: 3570484584799334034, guid: a100a73b083f2674d8ec964b9553d006,
        type: 3}
      propertyPath: level
      value: 1
      objectReference: {fileID: 0}
    - target: {fileID: 3570484584799334034, guid: a100a73b083f2674d8ec964b9553d006,
        type: 3}
      propertyPath: door
      value: 
      objectReference: {fileID: 1649266844}
    - target: {fileID: 3570484584799334034, guid: a100a73b083f2674d8ec964b9553d006,
        type: 3}
      propertyPath: levels.Array.data[0]
      value: LeftVentricle
      objectReference: {fileID: 0}
    - target: {fileID: 3570484584799334034, guid: a100a73b083f2674d8ec964b9553d006,
        type: 3}
      propertyPath: levels.Array.data[1]
      value: RightVentricle
      objectReference: {fileID: 0}
    - target: {fileID: 3570484584799334034, guid: a100a73b083f2674d8ec964b9553d006,
        type: 3}
      propertyPath: levels.Array.data[2]
      value: LeftAtrium
      objectReference: {fileID: 0}
    - target: {fileID: 3570484584799334034, guid: a100a73b083f2674d8ec964b9553d006,
        type: 3}
      propertyPath: levels.Array.data[3]
      value: RightAtrium
      objectReference: {fileID: 0}
    - target: {fileID: 3570484584799334127, guid: a100a73b083f2674d8ec964b9553d006,
        type: 3}
      propertyPath: m_Name
      value: Door
      objectReference: {fileID: 0}
    m_RemovedComponents: []
  m_SourcePrefab: {fileID: 100100000, guid: a100a73b083f2674d8ec964b9553d006, type: 3}
--- !u!1001 &1242132240
PrefabInstance:
  m_ObjectHideFlags: 0
  serializedVersion: 2
  m_Modification:
    m_TransformParent: {fileID: 0}
    m_Modifications:
    - target: {fileID: 3570484584799334033, guid: a100a73b083f2674d8ec964b9553d006,
        type: 3}
      propertyPath: m_LocalPosition.x
      value: -24
      objectReference: {fileID: 0}
    - target: {fileID: 3570484584799334033, guid: a100a73b083f2674d8ec964b9553d006,
        type: 3}
      propertyPath: m_LocalPosition.y
      value: -8.2
      objectReference: {fileID: 0}
    - target: {fileID: 3570484584799334033, guid: a100a73b083f2674d8ec964b9553d006,
        type: 3}
      propertyPath: m_LocalPosition.z
      value: 0
      objectReference: {fileID: 0}
    - target: {fileID: 3570484584799334033, guid: a100a73b083f2674d8ec964b9553d006,
        type: 3}
      propertyPath: m_LocalRotation.x
      value: 0
      objectReference: {fileID: 0}
    - target: {fileID: 3570484584799334033, guid: a100a73b083f2674d8ec964b9553d006,
        type: 3}
      propertyPath: m_LocalRotation.y
      value: 0
      objectReference: {fileID: 0}
    - target: {fileID: 3570484584799334033, guid: a100a73b083f2674d8ec964b9553d006,
        type: 3}
      propertyPath: m_LocalRotation.z
      value: 0
      objectReference: {fileID: 0}
    - target: {fileID: 3570484584799334033, guid: a100a73b083f2674d8ec964b9553d006,
        type: 3}
      propertyPath: m_LocalRotation.w
      value: 1
      objectReference: {fileID: 0}
    - target: {fileID: 3570484584799334033, guid: a100a73b083f2674d8ec964b9553d006,
        type: 3}
      propertyPath: m_RootOrder
      value: 1
      objectReference: {fileID: 0}
    - target: {fileID: 3570484584799334033, guid: a100a73b083f2674d8ec964b9553d006,
        type: 3}
      propertyPath: m_LocalEulerAnglesHint.x
      value: 0
      objectReference: {fileID: 0}
    - target: {fileID: 3570484584799334033, guid: a100a73b083f2674d8ec964b9553d006,
        type: 3}
      propertyPath: m_LocalEulerAnglesHint.y
      value: 0
      objectReference: {fileID: 0}
    - target: {fileID: 3570484584799334033, guid: a100a73b083f2674d8ec964b9553d006,
        type: 3}
      propertyPath: m_LocalEulerAnglesHint.z
      value: 0
      objectReference: {fileID: 0}
    - target: {fileID: 3570484584799334034, guid: a100a73b083f2674d8ec964b9553d006,
        type: 3}
      propertyPath: levels.Array.size
      value: 4
      objectReference: {fileID: 0}
    - target: {fileID: 3570484584799334034, guid: a100a73b083f2674d8ec964b9553d006,
        type: 3}
      propertyPath: door
      value: 
      objectReference: {fileID: 11439962}
    - target: {fileID: 3570484584799334034, guid: a100a73b083f2674d8ec964b9553d006,
        type: 3}
      propertyPath: level
      value: 4
      objectReference: {fileID: 0}
    - target: {fileID: 3570484584799334034, guid: a100a73b083f2674d8ec964b9553d006,
        type: 3}
      propertyPath: levels.Array.data[0]
      value: LeftVentricle
      objectReference: {fileID: 0}
    - target: {fileID: 3570484584799334034, guid: a100a73b083f2674d8ec964b9553d006,
        type: 3}
      propertyPath: levels.Array.data[1]
      value: RightVentricle
      objectReference: {fileID: 0}
    - target: {fileID: 3570484584799334034, guid: a100a73b083f2674d8ec964b9553d006,
        type: 3}
      propertyPath: levels.Array.data[2]
      value: LeftAtrium
      objectReference: {fileID: 0}
    - target: {fileID: 3570484584799334034, guid: a100a73b083f2674d8ec964b9553d006,
        type: 3}
      propertyPath: levels.Array.data[3]
      value: RightAtrium
      objectReference: {fileID: 0}
    - target: {fileID: 3570484584799334127, guid: a100a73b083f2674d8ec964b9553d006,
        type: 3}
      propertyPath: m_Name
      value: Door (3)
      objectReference: {fileID: 0}
    m_RemovedComponents: []
  m_SourcePrefab: {fileID: 100100000, guid: a100a73b083f2674d8ec964b9553d006, type: 3}
--- !u!1001 &1250388166
PrefabInstance:
  m_ObjectHideFlags: 0
  serializedVersion: 2
  m_Modification:
    m_TransformParent: {fileID: 1553511068}
    m_Modifications:
    - target: {fileID: 2952548701141238819, guid: 9d726d2ad95b41c2faa6eda34870b7c2,
        type: 3}
      propertyPath: m_Name
      value: Platform (7)
      objectReference: {fileID: 0}
    - target: {fileID: 2952548701141238821, guid: 9d726d2ad95b41c2faa6eda34870b7c2,
        type: 3}
      propertyPath: m_LocalPosition.x
      value: 7.578798
      objectReference: {fileID: 0}
    - target: {fileID: 2952548701141238821, guid: 9d726d2ad95b41c2faa6eda34870b7c2,
        type: 3}
      propertyPath: m_LocalPosition.y
      value: -3
      objectReference: {fileID: 0}
    - target: {fileID: 2952548701141238821, guid: 9d726d2ad95b41c2faa6eda34870b7c2,
        type: 3}
      propertyPath: m_LocalPosition.z
      value: 78.20503
      objectReference: {fileID: 0}
    - target: {fileID: 2952548701141238821, guid: 9d726d2ad95b41c2faa6eda34870b7c2,
        type: 3}
      propertyPath: m_LocalRotation.x
      value: -0
      objectReference: {fileID: 0}
    - target: {fileID: 2952548701141238821, guid: 9d726d2ad95b41c2faa6eda34870b7c2,
        type: 3}
      propertyPath: m_LocalRotation.y
      value: -0
      objectReference: {fileID: 0}
    - target: {fileID: 2952548701141238821, guid: 9d726d2ad95b41c2faa6eda34870b7c2,
        type: 3}
      propertyPath: m_LocalRotation.z
      value: 0.7071068
      objectReference: {fileID: 0}
    - target: {fileID: 2952548701141238821, guid: 9d726d2ad95b41c2faa6eda34870b7c2,
        type: 3}
      propertyPath: m_LocalRotation.w
      value: 0.7071068
      objectReference: {fileID: 0}
    - target: {fileID: 2952548701141238821, guid: 9d726d2ad95b41c2faa6eda34870b7c2,
        type: 3}
      propertyPath: m_RootOrder
      value: 6
      objectReference: {fileID: 0}
    - target: {fileID: 2952548701141238821, guid: 9d726d2ad95b41c2faa6eda34870b7c2,
        type: 3}
      propertyPath: m_LocalEulerAnglesHint.x
      value: 0
      objectReference: {fileID: 0}
    - target: {fileID: 2952548701141238821, guid: 9d726d2ad95b41c2faa6eda34870b7c2,
        type: 3}
      propertyPath: m_LocalEulerAnglesHint.y
      value: 0
      objectReference: {fileID: 0}
    - target: {fileID: 2952548701141238821, guid: 9d726d2ad95b41c2faa6eda34870b7c2,
        type: 3}
      propertyPath: m_LocalEulerAnglesHint.z
      value: 90
      objectReference: {fileID: 0}
    - target: {fileID: 2952548701141238821, guid: 9d726d2ad95b41c2faa6eda34870b7c2,
        type: 3}
      propertyPath: m_LocalScale.x
      value: 1.7084374
      objectReference: {fileID: 0}
    m_RemovedComponents: []
  m_SourcePrefab: {fileID: 100100000, guid: 9d726d2ad95b41c2faa6eda34870b7c2, type: 3}
--- !u!4 &1416266697 stripped
Transform:
  m_CorrespondingSourceObject: {fileID: 2952548701141238821, guid: 9d726d2ad95b41c2faa6eda34870b7c2,
    type: 3}
  m_PrefabInstance: {fileID: 16385944}
  m_PrefabAsset: {fileID: 0}
--- !u!1 &1472486072
GameObject:
  m_ObjectHideFlags: 0
  m_CorrespondingSourceObject: {fileID: 0}
  m_PrefabInstance: {fileID: 0}
  m_PrefabAsset: {fileID: 0}
  serializedVersion: 6
  m_Component:
  - component: {fileID: 1472486077}
  - component: {fileID: 1472486076}
  - component: {fileID: 1472486075}
  - component: {fileID: 1472486074}
  - component: {fileID: 1472486073}
  m_Layer: 5
  m_Name: Canvas
  m_TagString: Untagged
  m_Icon: {fileID: 0}
  m_NavMeshLayer: 0
  m_StaticEditorFlags: 0
  m_IsActive: 1
--- !u!114 &1472486073
MonoBehaviour:
  m_ObjectHideFlags: 0
  m_CorrespondingSourceObject: {fileID: 0}
  m_PrefabInstance: {fileID: 0}
  m_PrefabAsset: {fileID: 0}
  m_GameObject: {fileID: 1472486072}
  m_Enabled: 1
  m_EditorHideFlags: 0
  m_Script: {fileID: 11500000, guid: c8d70d91066ad06479e3bfbf40252c12, type: 3}
  m_Name: 
  m_EditorClassIdentifier: 
  FadeCanvas: {fileID: 1472486076}
--- !u!114 &1472486074
MonoBehaviour:
  m_ObjectHideFlags: 0
  m_CorrespondingSourceObject: {fileID: 0}
  m_PrefabInstance: {fileID: 0}
  m_PrefabAsset: {fileID: 0}
  m_GameObject: {fileID: 1472486072}
  m_Enabled: 1
  m_EditorHideFlags: 0
  m_Script: {fileID: 11500000, guid: dc42784cf147c0c48a680349fa168899, type: 3}
  m_Name: 
  m_EditorClassIdentifier: 
  m_IgnoreReversedGraphics: 1
  m_BlockingObjects: 0
  m_BlockingMask:
    serializedVersion: 2
    m_Bits: 4294967295
--- !u!114 &1472486075
MonoBehaviour:
  m_ObjectHideFlags: 0
  m_CorrespondingSourceObject: {fileID: 0}
  m_PrefabInstance: {fileID: 0}
  m_PrefabAsset: {fileID: 0}
  m_GameObject: {fileID: 1472486072}
  m_Enabled: 1
  m_EditorHideFlags: 0
  m_Script: {fileID: 11500000, guid: 0cd44c1031e13a943bb63640046fad76, type: 3}
  m_Name: 
  m_EditorClassIdentifier: 
  m_UiScaleMode: 0
  m_ReferencePixelsPerUnit: 100
  m_ScaleFactor: 1
  m_ReferenceResolution: {x: 800, y: 600}
  m_ScreenMatchMode: 0
  m_MatchWidthOrHeight: 0
  m_PhysicalUnit: 3
  m_FallbackScreenDPI: 96
  m_DefaultSpriteDPI: 96
  m_DynamicPixelsPerUnit: 1
--- !u!223 &1472486076
Canvas:
  m_ObjectHideFlags: 0
  m_CorrespondingSourceObject: {fileID: 0}
  m_PrefabInstance: {fileID: 0}
  m_PrefabAsset: {fileID: 0}
  m_GameObject: {fileID: 1472486072}
  m_Enabled: 1
  serializedVersion: 3
  m_RenderMode: 0
  m_Camera: {fileID: 0}
  m_PlaneDistance: 100
  m_PixelPerfect: 0
  m_ReceivesEvents: 1
  m_OverrideSorting: 0
  m_OverridePixelPerfect: 0
  m_SortingBucketNormalizedSize: 0
  m_AdditionalShaderChannelsFlag: 0
  m_SortingLayerID: 0
  m_SortingOrder: 0
  m_TargetDisplay: 0
--- !u!224 &1472486077
RectTransform:
  m_ObjectHideFlags: 0
  m_CorrespondingSourceObject: {fileID: 0}
  m_PrefabInstance: {fileID: 0}
  m_PrefabAsset: {fileID: 0}
  m_GameObject: {fileID: 1472486072}
  m_LocalRotation: {x: 0, y: 0, z: 0, w: 1}
  m_LocalPosition: {x: 0, y: 0, z: 0}
  m_LocalScale: {x: 0, y: 0, z: 0}
  m_Children:
  - {fileID: 1031922257}
  m_Father: {fileID: 0}
  m_RootOrder: 11
  m_LocalEulerAnglesHint: {x: 0, y: 0, z: 0}
  m_AnchorMin: {x: 0, y: 0}
  m_AnchorMax: {x: 0, y: 0}
  m_AnchoredPosition: {x: 0, y: 0}
  m_SizeDelta: {x: 0, y: 0}
  m_Pivot: {x: 0, y: 0}
--- !u!1001 &1541099574
PrefabInstance:
  m_ObjectHideFlags: 0
  serializedVersion: 2
  m_Modification:
    m_TransformParent: {fileID: 0}
    m_Modifications:
    - target: {fileID: 3570484584799334033, guid: a100a73b083f2674d8ec964b9553d006,
        type: 3}
      propertyPath: m_LocalPosition.x
      value: 23
      objectReference: {fileID: 0}
    - target: {fileID: 3570484584799334033, guid: a100a73b083f2674d8ec964b9553d006,
        type: 3}
      propertyPath: m_LocalPosition.y
      value: -8.11
      objectReference: {fileID: 0}
    - target: {fileID: 3570484584799334033, guid: a100a73b083f2674d8ec964b9553d006,
        type: 3}
      propertyPath: m_LocalPosition.z
      value: 0
      objectReference: {fileID: 0}
    - target: {fileID: 3570484584799334033, guid: a100a73b083f2674d8ec964b9553d006,
        type: 3}
      propertyPath: m_LocalRotation.x
      value: 0
      objectReference: {fileID: 0}
    - target: {fileID: 3570484584799334033, guid: a100a73b083f2674d8ec964b9553d006,
        type: 3}
      propertyPath: m_LocalRotation.y
      value: 0
      objectReference: {fileID: 0}
    - target: {fileID: 3570484584799334033, guid: a100a73b083f2674d8ec964b9553d006,
        type: 3}
      propertyPath: m_LocalRotation.z
      value: 0
      objectReference: {fileID: 0}
    - target: {fileID: 3570484584799334033, guid: a100a73b083f2674d8ec964b9553d006,
        type: 3}
      propertyPath: m_LocalRotation.w
      value: 1
      objectReference: {fileID: 0}
    - target: {fileID: 3570484584799334033, guid: a100a73b083f2674d8ec964b9553d006,
        type: 3}
      propertyPath: m_RootOrder
      value: 2
      objectReference: {fileID: 0}
    - target: {fileID: 3570484584799334033, guid: a100a73b083f2674d8ec964b9553d006,
        type: 3}
      propertyPath: m_LocalEulerAnglesHint.x
      value: 0
      objectReference: {fileID: 0}
    - target: {fileID: 3570484584799334033, guid: a100a73b083f2674d8ec964b9553d006,
        type: 3}
      propertyPath: m_LocalEulerAnglesHint.y
      value: 0
      objectReference: {fileID: 0}
    - target: {fileID: 3570484584799334033, guid: a100a73b083f2674d8ec964b9553d006,
        type: 3}
      propertyPath: m_LocalEulerAnglesHint.z
      value: 0
      objectReference: {fileID: 0}
    - target: {fileID: 3570484584799334034, guid: a100a73b083f2674d8ec964b9553d006,
        type: 3}
      propertyPath: levels.Array.size
      value: 4
      objectReference: {fileID: 0}
    - target: {fileID: 3570484584799334034, guid: a100a73b083f2674d8ec964b9553d006,
        type: 3}
      propertyPath: door
      value: 
      objectReference: {fileID: 627014655}
    - target: {fileID: 3570484584799334034, guid: a100a73b083f2674d8ec964b9553d006,
        type: 3}
      propertyPath: level
      value: 3
      objectReference: {fileID: 0}
    - target: {fileID: 3570484584799334034, guid: a100a73b083f2674d8ec964b9553d006,
        type: 3}
      propertyPath: levels.Array.data[0]
      value: LeftVentricle
      objectReference: {fileID: 0}
    - target: {fileID: 3570484584799334034, guid: a100a73b083f2674d8ec964b9553d006,
        type: 3}
      propertyPath: levels.Array.data[1]
      value: RightVentricle
      objectReference: {fileID: 0}
    - target: {fileID: 3570484584799334034, guid: a100a73b083f2674d8ec964b9553d006,
        type: 3}
      propertyPath: levels.Array.data[2]
      value: LeftAtrium
      objectReference: {fileID: 0}
    - target: {fileID: 3570484584799334034, guid: a100a73b083f2674d8ec964b9553d006,
        type: 3}
      propertyPath: levels.Array.data[3]
      value: RightAtrium
      objectReference: {fileID: 0}
    - target: {fileID: 3570484584799334127, guid: a100a73b083f2674d8ec964b9553d006,
        type: 3}
      propertyPath: m_Name
      value: Door (2)
      objectReference: {fileID: 0}
    m_RemovedComponents: []
  m_SourcePrefab: {fileID: 100100000, guid: a100a73b083f2674d8ec964b9553d006, type: 3}
--- !u!1 &1553511067
GameObject:
  m_ObjectHideFlags: 0
  m_CorrespondingSourceObject: {fileID: 0}
  m_PrefabInstance: {fileID: 0}
  m_PrefabAsset: {fileID: 0}
  serializedVersion: 6
  m_Component:
  - component: {fileID: 1553511068}
  m_Layer: 0
  m_Name: Platforms
  m_TagString: Untagged
  m_Icon: {fileID: 0}
  m_NavMeshLayer: 0
  m_StaticEditorFlags: 0
  m_IsActive: 1
--- !u!4 &1553511068
Transform:
  m_ObjectHideFlags: 0
  m_CorrespondingSourceObject: {fileID: 0}
  m_PrefabInstance: {fileID: 0}
  m_PrefabAsset: {fileID: 0}
  m_GameObject: {fileID: 1553511067}
  m_LocalRotation: {x: 0, y: 0, z: 0, w: 1}
  m_LocalPosition: {x: 2.8412023, y: 2.1939983, z: -78.20503}
  m_LocalScale: {x: 1, y: 1, z: 1}
  m_Children:
  - {fileID: 1741126221}
  - {fileID: 1959650710}
  - {fileID: 789428663}
  - {fileID: 1567254909}
  - {fileID: 1580668394}
  - {fileID: 732655068}
  - {fileID: 35066004}
  - {fileID: 20453433}
  - {fileID: 1591406491}
  - {fileID: 10073347}
  - {fileID: 640815172}
  - {fileID: 1119572853}
  - {fileID: 74732473}
  - {fileID: 1416266697}
  - {fileID: 524849985}
  - {fileID: 268167481}
  m_Father: {fileID: 0}
  m_RootOrder: 8
  m_LocalEulerAnglesHint: {x: 0, y: 0, z: 0}
--- !u!1001 &1560702370
PrefabInstance:
  m_ObjectHideFlags: 0
  serializedVersion: 2
  m_Modification:
    m_TransformParent: {fileID: 0}
    m_Modifications:
    - target: {fileID: 1785207147899018626, guid: 8f2c8cbfa6f1b29818a712db62f81004,
        type: 3}
      propertyPath: m_Name
      value: Player
      objectReference: {fileID: 0}
    - target: {fileID: 1785207147899018630, guid: 8f2c8cbfa6f1b29818a712db62f81004,
        type: 3}
      propertyPath: m_LocalPosition.x
      value: -25.231247
      objectReference: {fileID: 0}
    - target: {fileID: 1785207147899018630, guid: 8f2c8cbfa6f1b29818a712db62f81004,
        type: 3}
      propertyPath: m_LocalPosition.y
      value: -3.27
      objectReference: {fileID: 0}
    - target: {fileID: 1785207147899018630, guid: 8f2c8cbfa6f1b29818a712db62f81004,
        type: 3}
      propertyPath: m_LocalPosition.z
      value: 0
      objectReference: {fileID: 0}
    - target: {fileID: 1785207147899018630, guid: 8f2c8cbfa6f1b29818a712db62f81004,
        type: 3}
      propertyPath: m_LocalRotation.x
      value: 0
      objectReference: {fileID: 0}
    - target: {fileID: 1785207147899018630, guid: 8f2c8cbfa6f1b29818a712db62f81004,
        type: 3}
      propertyPath: m_LocalRotation.y
      value: 0
      objectReference: {fileID: 0}
    - target: {fileID: 1785207147899018630, guid: 8f2c8cbfa6f1b29818a712db62f81004,
        type: 3}
      propertyPath: m_LocalRotation.z
      value: 0
      objectReference: {fileID: 0}
    - target: {fileID: 1785207147899018630, guid: 8f2c8cbfa6f1b29818a712db62f81004,
        type: 3}
      propertyPath: m_LocalRotation.w
      value: 1
      objectReference: {fileID: 0}
    - target: {fileID: 1785207147899018630, guid: 8f2c8cbfa6f1b29818a712db62f81004,
        type: 3}
      propertyPath: m_RootOrder
      value: 5
      objectReference: {fileID: 0}
    - target: {fileID: 1785207147899018630, guid: 8f2c8cbfa6f1b29818a712db62f81004,
        type: 3}
      propertyPath: m_LocalEulerAnglesHint.x
      value: 0
      objectReference: {fileID: 0}
    - target: {fileID: 1785207147899018630, guid: 8f2c8cbfa6f1b29818a712db62f81004,
        type: 3}
      propertyPath: m_LocalEulerAnglesHint.y
      value: 0
      objectReference: {fileID: 0}
    - target: {fileID: 1785207147899018630, guid: 8f2c8cbfa6f1b29818a712db62f81004,
        type: 3}
      propertyPath: m_LocalEulerAnglesHint.z
      value: 0
      objectReference: {fileID: 0}
    - target: {fileID: 1785207147899018631, guid: 8f2c8cbfa6f1b29818a712db62f81004,
        type: 3}
      propertyPath: m_Enabled
      value: 1
      objectReference: {fileID: 0}
    m_RemovedComponents: []
  m_SourcePrefab: {fileID: 100100000, guid: 8f2c8cbfa6f1b29818a712db62f81004, type: 3}
--- !u!4 &1567254909 stripped
Transform:
  m_CorrespondingSourceObject: {fileID: 2952548701141238821, guid: 9d726d2ad95b41c2faa6eda34870b7c2,
    type: 3}
  m_PrefabInstance: {fileID: 912288282}
  m_PrefabAsset: {fileID: 0}
--- !u!4 &1580668394 stripped
Transform:
  m_CorrespondingSourceObject: {fileID: 2952548701141238821, guid: 9d726d2ad95b41c2faa6eda34870b7c2,
    type: 3}
  m_PrefabInstance: {fileID: 274953728}
  m_PrefabAsset: {fileID: 0}
--- !u!4 &1591406491 stripped
Transform:
  m_CorrespondingSourceObject: {fileID: 2952548701141238821, guid: 9d726d2ad95b41c2faa6eda34870b7c2,
    type: 3}
  m_PrefabInstance: {fileID: 1657522203}
  m_PrefabAsset: {fileID: 0}
--- !u!1 &1618363567
GameObject:
  m_ObjectHideFlags: 0
  m_CorrespondingSourceObject: {fileID: 0}
  m_PrefabInstance: {fileID: 0}
  m_PrefabAsset: {fileID: 0}
  serializedVersion: 6
  m_Component:
  - component: {fileID: 1618363570}
  - component: {fileID: 1618363569}
  - component: {fileID: 1618363568}
  - component: {fileID: 1618363571}
  m_Layer: 0
  m_Name: Main Camera
  m_TagString: MainCamera
  m_Icon: {fileID: 0}
  m_NavMeshLayer: 0
  m_StaticEditorFlags: 0
  m_IsActive: 1
--- !u!81 &1618363568
AudioListener:
  m_ObjectHideFlags: 0
  m_CorrespondingSourceObject: {fileID: 0}
  m_PrefabInstance: {fileID: 0}
  m_PrefabAsset: {fileID: 0}
  m_GameObject: {fileID: 1618363567}
  m_Enabled: 1
--- !u!20 &1618363569
Camera:
  m_ObjectHideFlags: 0
  m_CorrespondingSourceObject: {fileID: 0}
  m_PrefabInstance: {fileID: 0}
  m_PrefabAsset: {fileID: 0}
  m_GameObject: {fileID: 1618363567}
  m_Enabled: 1
  serializedVersion: 2
  m_ClearFlags: 1
  m_BackGroundColor: {r: 0, g: 0, b: 0, a: 0}
  m_projectionMatrixMode: 1
  m_GateFitMode: 2
  m_FOVAxisMode: 0
  m_SensorSize: {x: 36, y: 24}
  m_LensShift: {x: 0, y: 0}
  m_FocalLength: 50
  m_NormalizedViewPortRect:
    serializedVersion: 2
    x: 0
    y: 0
    width: 1
    height: 1
  near clip plane: 0.3
  far clip plane: 1000
  field of view: 60
  orthographic: 1
  orthographic size: 5
  m_Depth: -1
  m_CullingMask:
    serializedVersion: 2
    m_Bits: 4294967295
  m_RenderingPath: -1
  m_TargetTexture: {fileID: 0}
  m_TargetDisplay: 0
  m_TargetEye: 3
  m_HDR: 1
  m_AllowMSAA: 1
  m_AllowDynamicResolution: 0
  m_ForceIntoRT: 0
  m_OcclusionCulling: 1
  m_StereoConvergence: 10
  m_StereoSeparation: 0.022
--- !u!4 &1618363570
Transform:
  m_ObjectHideFlags: 0
  m_CorrespondingSourceObject: {fileID: 0}
  m_PrefabInstance: {fileID: 0}
  m_PrefabAsset: {fileID: 0}
  m_GameObject: {fileID: 1618363567}
  m_LocalRotation: {x: 0, y: 0, z: 0, w: 1}
  m_LocalPosition: {x: -19.8, y: 0, z: -10}
  m_LocalScale: {x: 1, y: 1, z: 1}
  m_Children: []
  m_Father: {fileID: 0}
  m_RootOrder: 0
  m_LocalEulerAnglesHint: {x: 0, y: 0, z: 0}
--- !u!114 &1618363571
MonoBehaviour:
  m_ObjectHideFlags: 0
  m_CorrespondingSourceObject: {fileID: 0}
  m_PrefabInstance: {fileID: 0}
  m_PrefabAsset: {fileID: 0}
  m_GameObject: {fileID: 1618363567}
  m_Enabled: 1
  m_EditorHideFlags: 0
  m_Script: {fileID: 11500000, guid: 409086ab6107d3f0dac34df7a8eff383, type: 3}
  m_Name: 
  m_EditorClassIdentifier: 
  target: {fileID: 1143266022}
  leftBound: -100
  rightBound: 100
  yLevel: 0
--- !u!1 &1649266844 stripped
GameObject:
  m_CorrespondingSourceObject: {fileID: 3570484584799334127, guid: a100a73b083f2674d8ec964b9553d006,
    type: 3}
  m_PrefabInstance: {fileID: 1229636202}
  m_PrefabAsset: {fileID: 0}
--- !u!1001 &1657522203
PrefabInstance:
  m_ObjectHideFlags: 0
  serializedVersion: 2
  m_Modification:
    m_TransformParent: {fileID: 1553511068}
    m_Modifications:
    - target: {fileID: 2952548701141238819, guid: 9d726d2ad95b41c2faa6eda34870b7c2,
        type: 3}
      propertyPath: m_Name
      value: Platform (5)
      objectReference: {fileID: 0}
    - target: {fileID: 2952548701141238821, guid: 9d726d2ad95b41c2faa6eda34870b7c2,
        type: 3}
      propertyPath: m_LocalPosition.x
      value: 15.5
      objectReference: {fileID: 0}
    - target: {fileID: 2952548701141238821, guid: 9d726d2ad95b41c2faa6eda34870b7c2,
        type: 3}
      propertyPath: m_LocalPosition.y
      value: -1.5800002
      objectReference: {fileID: 0}
    - target: {fileID: 2952548701141238821, guid: 9d726d2ad95b41c2faa6eda34870b7c2,
        type: 3}
      propertyPath: m_LocalPosition.z
      value: 78.20503
      objectReference: {fileID: 0}
    - target: {fileID: 2952548701141238821, guid: 9d726d2ad95b41c2faa6eda34870b7c2,
        type: 3}
      propertyPath: m_LocalRotation.x
      value: -0
      objectReference: {fileID: 0}
    - target: {fileID: 2952548701141238821, guid: 9d726d2ad95b41c2faa6eda34870b7c2,
        type: 3}
      propertyPath: m_LocalRotation.y
      value: -0
      objectReference: {fileID: 0}
    - target: {fileID: 2952548701141238821, guid: 9d726d2ad95b41c2faa6eda34870b7c2,
        type: 3}
      propertyPath: m_LocalRotation.z
      value: -0
      objectReference: {fileID: 0}
    - target: {fileID: 2952548701141238821, guid: 9d726d2ad95b41c2faa6eda34870b7c2,
        type: 3}
      propertyPath: m_LocalRotation.w
      value: 1
      objectReference: {fileID: 0}
    - target: {fileID: 2952548701141238821, guid: 9d726d2ad95b41c2faa6eda34870b7c2,
        type: 3}
      propertyPath: m_RootOrder
      value: 8
      objectReference: {fileID: 0}
    - target: {fileID: 2952548701141238821, guid: 9d726d2ad95b41c2faa6eda34870b7c2,
        type: 3}
      propertyPath: m_LocalEulerAnglesHint.x
      value: 0
      objectReference: {fileID: 0}
    - target: {fileID: 2952548701141238821, guid: 9d726d2ad95b41c2faa6eda34870b7c2,
        type: 3}
      propertyPath: m_LocalEulerAnglesHint.y
      value: 0
      objectReference: {fileID: 0}
    - target: {fileID: 2952548701141238821, guid: 9d726d2ad95b41c2faa6eda34870b7c2,
        type: 3}
      propertyPath: m_LocalEulerAnglesHint.z
      value: 0
      objectReference: {fileID: 0}
    - target: {fileID: 2952548701141238821, guid: 9d726d2ad95b41c2faa6eda34870b7c2,
        type: 3}
      propertyPath: m_LocalScale.x
      value: 7.3538423
      objectReference: {fileID: 0}
    m_RemovedComponents: []
  m_SourcePrefab: {fileID: 100100000, guid: 9d726d2ad95b41c2faa6eda34870b7c2, type: 3}
--- !u!4 &1741126221 stripped
Transform:
  m_CorrespondingSourceObject: {fileID: 2952548701141238821, guid: 9d726d2ad95b41c2faa6eda34870b7c2,
    type: 3}
  m_PrefabInstance: {fileID: 1007779556}
  m_PrefabAsset: {fileID: 0}
--- !u!1001 &1752842443
PrefabInstance:
  m_ObjectHideFlags: 0
  serializedVersion: 2
  m_Modification:
    m_TransformParent: {fileID: 1553511068}
    m_Modifications:
    - target: {fileID: 2952548701141238819, guid: 9d726d2ad95b41c2faa6eda34870b7c2,
        type: 3}
      propertyPath: m_Name
      value: Platform (3)
      objectReference: {fileID: 0}
    - target: {fileID: 2952548701141238821, guid: 9d726d2ad95b41c2faa6eda34870b7c2,
        type: 3}
      propertyPath: m_LocalPosition.x
      value: -11.041203
      objectReference: {fileID: 0}
    - target: {fileID: 2952548701141238821, guid: 9d726d2ad95b41c2faa6eda34870b7c2,
        type: 3}
      propertyPath: m_LocalPosition.y
      value: -4.25
      objectReference: {fileID: 0}
    - target: {fileID: 2952548701141238821, guid: 9d726d2ad95b41c2faa6eda34870b7c2,
        type: 3}
      propertyPath: m_LocalPosition.z
      value: 78.20503
      objectReference: {fileID: 0}
    - target: {fileID: 2952548701141238821, guid: 9d726d2ad95b41c2faa6eda34870b7c2,
        type: 3}
      propertyPath: m_LocalRotation.x
      value: -0
      objectReference: {fileID: 0}
    - target: {fileID: 2952548701141238821, guid: 9d726d2ad95b41c2faa6eda34870b7c2,
        type: 3}
      propertyPath: m_LocalRotation.y
      value: -0
      objectReference: {fileID: 0}
    - target: {fileID: 2952548701141238821, guid: 9d726d2ad95b41c2faa6eda34870b7c2,
        type: 3}
      propertyPath: m_LocalRotation.z
      value: -0
      objectReference: {fileID: 0}
    - target: {fileID: 2952548701141238821, guid: 9d726d2ad95b41c2faa6eda34870b7c2,
        type: 3}
      propertyPath: m_LocalRotation.w
      value: 1
      objectReference: {fileID: 0}
    - target: {fileID: 2952548701141238821, guid: 9d726d2ad95b41c2faa6eda34870b7c2,
        type: 3}
      propertyPath: m_RootOrder
      value: 10
      objectReference: {fileID: 0}
    - target: {fileID: 2952548701141238821, guid: 9d726d2ad95b41c2faa6eda34870b7c2,
        type: 3}
      propertyPath: m_LocalEulerAnglesHint.x
      value: 0
      objectReference: {fileID: 0}
    - target: {fileID: 2952548701141238821, guid: 9d726d2ad95b41c2faa6eda34870b7c2,
        type: 3}
      propertyPath: m_LocalEulerAnglesHint.y
      value: 0
      objectReference: {fileID: 0}
    - target: {fileID: 2952548701141238821, guid: 9d726d2ad95b41c2faa6eda34870b7c2,
        type: 3}
      propertyPath: m_LocalEulerAnglesHint.z
      value: 0
      objectReference: {fileID: 0}
    m_RemovedComponents: []
  m_SourcePrefab: {fileID: 100100000, guid: 9d726d2ad95b41c2faa6eda34870b7c2, type: 3}
--- !u!1001 &1919160374
PrefabInstance:
  m_ObjectHideFlags: 0
  serializedVersion: 2
  m_Modification:
    m_TransformParent: {fileID: 1553511068}
    m_Modifications:
    - target: {fileID: 2952548701141238819, guid: 9d726d2ad95b41c2faa6eda34870b7c2,
        type: 3}
      propertyPath: m_Name
      value: Platform (12)
      objectReference: {fileID: 0}
    - target: {fileID: 2952548701141238821, guid: 9d726d2ad95b41c2faa6eda34870b7c2,
        type: 3}
      propertyPath: m_LocalPosition.x
      value: -16.8
      objectReference: {fileID: 0}
    - target: {fileID: 2952548701141238821, guid: 9d726d2ad95b41c2faa6eda34870b7c2,
        type: 3}
      propertyPath: m_LocalPosition.y
      value: -12.693998
      objectReference: {fileID: 0}
    - target: {fileID: 2952548701141238821, guid: 9d726d2ad95b41c2faa6eda34870b7c2,
        type: 3}
      propertyPath: m_LocalPosition.z
      value: 78.20503
      objectReference: {fileID: 0}
    - target: {fileID: 2952548701141238821, guid: 9d726d2ad95b41c2faa6eda34870b7c2,
        type: 3}
      propertyPath: m_LocalRotation.x
      value: -0
      objectReference: {fileID: 0}
    - target: {fileID: 2952548701141238821, guid: 9d726d2ad95b41c2faa6eda34870b7c2,
        type: 3}
      propertyPath: m_LocalRotation.y
      value: -0
      objectReference: {fileID: 0}
    - target: {fileID: 2952548701141238821, guid: 9d726d2ad95b41c2faa6eda34870b7c2,
        type: 3}
      propertyPath: m_LocalRotation.z
      value: -0
      objectReference: {fileID: 0}
    - target: {fileID: 2952548701141238821, guid: 9d726d2ad95b41c2faa6eda34870b7c2,
        type: 3}
      propertyPath: m_LocalRotation.w
      value: 1
      objectReference: {fileID: 0}
    - target: {fileID: 2952548701141238821, guid: 9d726d2ad95b41c2faa6eda34870b7c2,
        type: 3}
      propertyPath: m_RootOrder
      value: 1
      objectReference: {fileID: 0}
    - target: {fileID: 2952548701141238821, guid: 9d726d2ad95b41c2faa6eda34870b7c2,
        type: 3}
      propertyPath: m_LocalEulerAnglesHint.x
      value: 0
      objectReference: {fileID: 0}
    - target: {fileID: 2952548701141238821, guid: 9d726d2ad95b41c2faa6eda34870b7c2,
        type: 3}
      propertyPath: m_LocalEulerAnglesHint.y
      value: 0
      objectReference: {fileID: 0}
    - target: {fileID: 2952548701141238821, guid: 9d726d2ad95b41c2faa6eda34870b7c2,
        type: 3}
      propertyPath: m_LocalEulerAnglesHint.z
      value: 0
      objectReference: {fileID: 0}
    - target: {fileID: 2952548701141238821, guid: 9d726d2ad95b41c2faa6eda34870b7c2,
        type: 3}
      propertyPath: m_LocalScale.x
      value: 11.690475
      objectReference: {fileID: 0}
    m_RemovedComponents: []
  m_SourcePrefab: {fileID: 100100000, guid: 9d726d2ad95b41c2faa6eda34870b7c2, type: 3}
--- !u!4 &1959650710 stripped
Transform:
  m_CorrespondingSourceObject: {fileID: 2952548701141238821, guid: 9d726d2ad95b41c2faa6eda34870b7c2,
    type: 3}
  m_PrefabInstance: {fileID: 1919160374}
  m_PrefabAsset: {fileID: 0}
--- !u!1001 &7304316531700030547
PrefabInstance:
  m_ObjectHideFlags: 0
  serializedVersion: 2
  m_Modification:
    m_TransformParent: {fileID: 0}
    m_Modifications:
    - target: {fileID: 7304316532088151438, guid: e60201dc6fc36a21eac0a24292a693dc,
        type: 3}
      propertyPath: m_Name
      value: PauseCanvas
      objectReference: {fileID: 0}
    - target: {fileID: 7304316532088151473, guid: e60201dc6fc36a21eac0a24292a693dc,
        type: 3}
      propertyPath: m_LocalPosition.x
      value: 0
      objectReference: {fileID: 0}
    - target: {fileID: 7304316532088151473, guid: e60201dc6fc36a21eac0a24292a693dc,
        type: 3}
      propertyPath: m_LocalPosition.y
      value: 0
      objectReference: {fileID: 0}
    - target: {fileID: 7304316532088151473, guid: e60201dc6fc36a21eac0a24292a693dc,
        type: 3}
      propertyPath: m_LocalPosition.z
      value: 0
      objectReference: {fileID: 0}
    - target: {fileID: 7304316532088151473, guid: e60201dc6fc36a21eac0a24292a693dc,
        type: 3}
      propertyPath: m_LocalRotation.x
      value: 0
      objectReference: {fileID: 0}
    - target: {fileID: 7304316532088151473, guid: e60201dc6fc36a21eac0a24292a693dc,
        type: 3}
      propertyPath: m_LocalRotation.y
      value: 0
      objectReference: {fileID: 0}
    - target: {fileID: 7304316532088151473, guid: e60201dc6fc36a21eac0a24292a693dc,
        type: 3}
      propertyPath: m_LocalRotation.z
      value: 0
      objectReference: {fileID: 0}
    - target: {fileID: 7304316532088151473, guid: e60201dc6fc36a21eac0a24292a693dc,
        type: 3}
      propertyPath: m_LocalRotation.w
      value: 1
      objectReference: {fileID: 0}
    - target: {fileID: 7304316532088151473, guid: e60201dc6fc36a21eac0a24292a693dc,
        type: 3}
      propertyPath: m_RootOrder
      value: 9
      objectReference: {fileID: 0}
    - target: {fileID: 7304316532088151473, guid: e60201dc6fc36a21eac0a24292a693dc,
        type: 3}
      propertyPath: m_LocalEulerAnglesHint.x
      value: 0
      objectReference: {fileID: 0}
    - target: {fileID: 7304316532088151473, guid: e60201dc6fc36a21eac0a24292a693dc,
        type: 3}
      propertyPath: m_LocalEulerAnglesHint.y
      value: 0
      objectReference: {fileID: 0}
    - target: {fileID: 7304316532088151473, guid: e60201dc6fc36a21eac0a24292a693dc,
        type: 3}
      propertyPath: m_LocalEulerAnglesHint.z
      value: 0
      objectReference: {fileID: 0}
    - target: {fileID: 7304316532088151473, guid: e60201dc6fc36a21eac0a24292a693dc,
        type: 3}
      propertyPath: m_AnchoredPosition.x
      value: 0
      objectReference: {fileID: 0}
    - target: {fileID: 7304316532088151473, guid: e60201dc6fc36a21eac0a24292a693dc,
        type: 3}
      propertyPath: m_AnchoredPosition.y
      value: 0
      objectReference: {fileID: 0}
    - target: {fileID: 7304316532088151473, guid: e60201dc6fc36a21eac0a24292a693dc,
        type: 3}
      propertyPath: m_SizeDelta.x
      value: 0
      objectReference: {fileID: 0}
    - target: {fileID: 7304316532088151473, guid: e60201dc6fc36a21eac0a24292a693dc,
        type: 3}
      propertyPath: m_SizeDelta.y
      value: 0
      objectReference: {fileID: 0}
    - target: {fileID: 7304316532088151473, guid: e60201dc6fc36a21eac0a24292a693dc,
        type: 3}
      propertyPath: m_AnchorMin.x
      value: 0
      objectReference: {fileID: 0}
    - target: {fileID: 7304316532088151473, guid: e60201dc6fc36a21eac0a24292a693dc,
        type: 3}
      propertyPath: m_AnchorMin.y
      value: 0
      objectReference: {fileID: 0}
    - target: {fileID: 7304316532088151473, guid: e60201dc6fc36a21eac0a24292a693dc,
        type: 3}
      propertyPath: m_AnchorMax.x
      value: 0
      objectReference: {fileID: 0}
    - target: {fileID: 7304316532088151473, guid: e60201dc6fc36a21eac0a24292a693dc,
        type: 3}
      propertyPath: m_AnchorMax.y
      value: 0
      objectReference: {fileID: 0}
    - target: {fileID: 7304316532088151473, guid: e60201dc6fc36a21eac0a24292a693dc,
        type: 3}
      propertyPath: m_Pivot.x
      value: 0
      objectReference: {fileID: 0}
    - target: {fileID: 7304316532088151473, guid: e60201dc6fc36a21eac0a24292a693dc,
        type: 3}
      propertyPath: m_Pivot.y
      value: 0
      objectReference: {fileID: 0}
    m_RemovedComponents: []
  m_SourcePrefab: {fileID: 100100000, guid: e60201dc6fc36a21eac0a24292a693dc, type: 3}
